3960 6314
187 339 258 398 aare
801 332 1168 411 cmunsrmtmrmn
1741 335 1809 392 vrrs

187 462 323 517 sanctum,
347 450 533 509 ordinationes
559 453 765 523 nronaclrorum,
786 470 834 513 seu
856 453 1009 513 uterino-lt
1056 449 1154 505 ilatum
1179 446 1319 513 baterard,
1333 461 1383 519 per
1401 463 1512 503 mannua
1526 445 1614 504 centii
1628 446 1661 503 8.
1676 447 1769 507 Lucia
1783 452 1807 505 in

186 558 247 599 rum
260 550 424 610 nestrorum,
437 544 661 603 consecrationes
670 545 798 604 altarium
815 560 862 603 seu
877 542 970 601 basili·
1018 538 1125 596 orebea
1137 537 1243 596 diaconi
1266 537 1410 608 cardinal,
1431 537 1534 594 donnini
1556 551 1634 610 papa
1648 542 1806 607 camerarii,

185 643 278 685 carum
302 631 505 701 praedictarum,
530 647 547 690 ι
567 647 731 707 quocunque
756 635 910 693 malueritis
922 649 969 692 ca·
1019 645 1057 687 ru
1072 630 1186 696 Kalend,
1203 626 1281 695 delii,
1299 626 1451 685 indictione
1466 644 1524 697 arv,
1537 627 1741 686 incarnationis
1754 632 1806 687 lio-

185 721 289 779 tbolico
309 723 449 788 recipiatis
466 725 604 797 episcopo,
627 727 673 798 qui
696 736 789 785 nostra
812 727 897 784 initus
918 742 967 784 nu·
1018 722 1126 779 nviuican
1146 735 1211 776 ann.
1231 718 1313 787 libb,
1328 717 1506 790 pontificatus
1520 735 1586 777 reru
1600 721 1708 777 donnini
1721 718 1806 777 ccele-

185 811 320 896 ctoritote,
352 814 602 886 quodpostulatur,
617 819 771 890 ,impendat
788 818 830 874 tn
849 818 907 875 baee
925 818 971 875 aab
1017 812 1081 870 1ῑίιί
1095 825 1172 882 pibo
1186 809 1221 865 ΙΙΙ
1233 819 1409 868 8111οω110·

184 900 307 967 licientes
327 903 483 972 statuimus,
498 915 529 962 ut
543 910 576 964 ad
590 909 690 964 nullius
710 907 870 976 concilium,
883 909 968 966 abbas
1052 905 1109 976 Epo
1122 893 1297 970 Coeldllttttb
1313 902 1458 960 ῑθῑΜΙῑθθ
1472 899 1602 958 Εθθῑθῦῑθ
1612 901 1771 973 ‘imi'-

185 989 270 1055 ipsius
297 991 348 1048 loci
371 998 505 1053 accedere
529 1000 722 1069 compeliatur,
744 1000 795 1056 nisi
811 982 827 1058 a
842 1001 968 1059 Romano
1052 994 1244 1067 Essoblbinv·
1259 992 1574 1064 ᾸῙΜΜΜΡῙΜΡΜ·

184 1082 312 1151 pontidce
337 1084 379 1142 rel
402 1087 437 1143 ab
457 1085 516 1158 ejus
539 1089 628 1162 legato
650 1088 734 1148 luerit
755 1102 895 1151 evocatus.
913 1092 969 1150 lice
1053 1084 1296 1157 Esoffiltvltdm,
1306 1082 1636 1140 θῦῑὶθΰῠοθῑῗῡῐῑῑῑῑθΰί·
1649 1082 1803 1155 ‘blm

183 1182 273 1227 vestra
287 1173 422 1241 Ecclesia,
440 1176 481 1232 sel
495 1177 592 1243 abbas,
611 1180 654 1235 vel
670 1182 797 1238 monacbi
811 1190 859 1236 sut
876 1180 967 1237 cleriei
1052 1175 1110 1245 Ego
1123 1176 1219 1231 Petrus
1233 1173 1392 1239 fornerius,
1405 1173 1435 1228 S.
1450 1172 1555 1229 butria
1565 1174 1725 1245 episcopus.

184 1265 267 1321 vestri
283 1267 434 1322 servientes
448 1267 475 1322 ln
488 1270 613 1328 ccelesiis
628 1286 643 1327 a
656 1271 846 1344 jurisdictione
860 1273 967 1342 episco·
1052 1264 1109 1334 Ello
1118 1261 1238 1318 ldis
1250 1261 1324 1318 titul.
1340 1262 1371 1317 S·
1385 1262 1533 1319 clemen&
1544 1263 1623 1319 Μ·
1637 1262 1802 1320 Vibellium

183 1369 280 1426 porum
295 1370 406 1426 prorsus
420 1361 567 1432 exemptis,
580 1369 679 1432 praeter
691 1361 842 1416 Romanum
857 1360 967 1431 pontid·
1016 1362 1044 1410 sl
1057 1353 1211 1410 Tetecanell·
1231 1355 1386 1425 episcopus·

175 1448 294 1505 'comrel
305 1448 365 1519 eius
376 1449 503 1522 legatum,
515 1468 530 1508 a
543 1453 641 1511 divinis
652 1453 966 1522 interdicanturoibeiis,
1054 1447 1109 1519 Ego
1128 1447 1229 1515 Gnido,
1243 1447 1387 1519 presbyter
1398 1447 1475 1501 eard.
1498 1445 1530 1502 8.
1551 1443 1656 1513 Narin,
1673 1443 1803 1503 018.ss

182 1541 224 1594 vel
242 1541 521 1598 excommunicationi
543 1543 705 1602 subdantur.
724 1543 791 1599 Cum
812 1554 902 1601 autem
918 1562 963 1617 ge·
1017 1538 1090 1594 ¹3¹²?-

181 1629 275 1688 ncrale
290 1629 465 1688 interdictum
480 1640 561 1690 terrae
580 1633 673 1699 luerit,
687 1635 769 1692 liceat
779 1637 856 1691 vobis
868 1636 968 1693 clausis
1048 1630 1104 1700 83⁰
1128 1628 1257 1696 lotum.
1283 1629 1354 1686 titul.
1380 1630 1410 1686 S·
1424 1629 1556 1702 Slepbrni
1567 1633 1595 1686 iu
1611 1629 1701 1687 Colit)
1715 1639 1803 1685 monto

179 1720 283 1789 januis,
299 1724 419 1780 exclrrsis
436 1727 679 1781 excommunicatis
692 1733 721 1781 et
735 1725 897 1792 interdictis,
911 1741 963 1781 non
1015 1722 1170 1792 presbyter.
1187 1721 1264 1774 card.

181 1811 296 1881 pulsatis
315 1814 465 1882 campanis,
487 1827 632 1883 suppressa
661 1827 737 1879 rose,
764 1813 854 1870 divina
876 1782 1002 1871 odieiaR
1053 1809 1108 1879 Epo
1124 1807 1246 1875 Catillus.
1264 1806 1334 1863 titul.
1349 1805 1379 1863 S·
1402 1807 1542 1865 Laurentii
1564 1808 1593 1863 itt
1620 1809 1727 1866 bucina
1745 1825 1803 1880 pro·

181 1903 332 1959 celebrare.
344 1902 516 1973 Sepulturauv
533 1914 664 1975 practerea
681 1904 768 1976 ipslus
783 1903 834 1960 loci
849 1903 964 1960 liberam
1016 1898 1111 1971 siyter
1123 1899 1199 1956 eard.

180 2007 242 2050 csse
262 1994 448 2060 deceruimus,
473 2003 501 2051 et
524 2009 620 2050 corum
644 1995 781 2052 devotioni
796 2004 966 2053 etexrrenn
1054 1987 1351 2059 ebrodonnensium.
1371 1988 1402 2044 S.
1417 1989 1549 2046 Procedit
1562 1990 1710 2065 presbyter
1727 1993 1801 2048 card.

181 2083 328 2154 voluntati,
345 2085 392 2155 qui
411 2100 441 2142 se
461 2084 517 2142 iilic
539 2086 647 2155 sepeliri
671 2085 895 2152 deliberaverint,
912 2088 964 2142 nisi
1052 2082 1110 2153 Ego
1133 2080 1304 2148 Foderiedt.
1328 2081 1400 2136 titul.
1424 2080 1456 2135 S.
1488 2080 1634 2148 tlarcdd.
1661 2085 1804 2156 umbilici

180 2175 413 2231 excommunicati
436 2174 478 2230 rel
496 2173 633 2230 interdicti
650 2173 715 2240 sint,
732 2174 823 2232 nullus
837 2176 964 2243 obsistat,
1015 2173 1091 2228 carri.

180 2268 255 2323 salva
275 2275 364 2321 tanuen
379 2259 614 2336 iustitiaillarum
629 2264 821 2332 eeclesiarum,
835 2280 850 2321 a
865 2267 965 2336 quibus
1051 2271 1107 2340 Ego
1119 2268 1278 2338 Gratianus,
1291 2266 1344 2327 88.
1354 2269 1461 2328 Gosrnae
1475 2280 1503 2327 et
1520 2271 1657 2338 barbiani,
1673 2271 1805 2329 discours

178 2367 348 2414 mortuorum
370 2371 486 2428 corpora
508 2367 695 2416 assumuntur.
712 2356 742 2413 ln
761 2357 965 2429 parochialibus
1015 2363 1149 2419 cardinal.

181 2465 246 2509 vcro
257 2450 393 2518 ecelesiis,
407 2465 475 2522 quas
488 2449 606 2516 bebetis,
620 2449 702 2506 liceat
716 2450 793 2506 vobis
808 2451 965 2508 sacerdotes
1052 2455 1109 2525 ligo
1122 2454 1273 2518 Gerardus,
1288 2452 1319 2509 8.
1334 2453 1459 2520 Adriani,
1471 2454 1603 2511 diacones
1616 2455 1696 2510 card.

178 2545 289 2615 eligere,
304 2551 332 2598 et
344 2543 500 2600 dioecesano
510 2544 637 2615 episcopo
651 2553 837 2614 presentare:
852 2545 961 2614 quibus,
1051 2547 1108 2618 Ego
1129 2546 1292 2617 emenus,
1305 2543 1347 2614 ,8.
1371 2544 1465 2601 llarirc
1487 2546 1516 2601 iu
1537 2544 1650 2601 Portica
1672 2545 1805 2602 diaconos

176 2638 200 2694 si
217 2636 307 2693 idonei
321 2633 433 2701 inerint,
449 2636 595 2708 epiecopus
614 2649 709 2691 curnrn
722 2636 874 2691 ratimarum
889 2651 964 2691 corn-
1015 2639 1092 2693 eard.

176 2727 277 2791 mittat,
294 2736 324 2782 ut
334 2726 360 2783 ci
374 2727 408 2782 de
427 2726 627 2797 spiritualibus,
644 2725 723 2783 robis
737 2740 802 2783 rcro
812 2726 848 2784 de
857 2736 963 2798 tempo·
1051 2728 1107 2798 ligo
1130 2727 1279 2800 Gregorius
1303 2726 1332 2784 8.
1354 2725 1448 2783 Ιιείε
1473 2726 1502 2782 iu
1523 2727 1641 2799 dquiro,
1671 2729 1804 2785 diaeonus

177 2817 281 2875 rabbus
296 2818 414 2875 debcant
429 2821 603 2889 respondero.
1015 2825 1091 2881 card.

212 2911 348 2984 Quidquid
358 2921 489 2981 praeterea
506 2911 658 2980 dignitatis,
680 2912 815 2968 libertatis
826 2912 869 2968 rel
883 2911 965 2970 bene·
1052 2913 1108 2985 Ego
1120 2912 1261 2982 Nicolaus,
1276 2913 1308 2970 8.
1326 2912 1420 2969 Uaria
1440 2912 1468 2969 in
1486 2910 1647 2981 cosmedin,
1669 2913 1803 2971 diaeonus

176 3003 231 3060 dcii
250 3002 285 3060 ab
303 3003 453 3073 apostolica
469 3003 544 3070 sede,
567 3003 755 3059 liiscanneuse
767 3006 963 3060 monasterium
1015 3008 1093 3065 card.

175 3095 302 3150 obtinere
319 3093 503 3164 cognoscitur,
520 3106 570 3147 bos
581 3107 691 3163 quoque
703 3092 781 3149 vobis
794 3105 822 3149 et
836 3095 994 3172 ecclesiane
1047 3102 1104 3173 Ego
1116 3099 1201 3165 nobo,
1216 3097 1246 3156 s.
1261 3097 1409 3162 Theodori,
1427 3097 1559 3152 diaconus
1571 3097 1651 3152 card.

174 3194 274 3242 vestrae
286 3185 382 3241 itidem
397 3186 574 3241 concedimus
587 3194 614 3240 et
627 3185 778 3243 drmantus.
790 3185 846 3244 Nec
856 3187 963 3258 episco-
1335 3207 1484 3264 gggggqg

174 3278 218 3348 pls
234 3278 277 3334 vel
299 3277 487 3350 episcoporum
514 3277 657 3344 ministris,
681 3293 732 3336 nec
755 3279 880 3351 b²ss⁰¹¹¹⁸
901 3279 962 3350 bui·
1011 3301 1290 3363 Honesteriisenrtoe
1307 3298 1403 3354 flurin
1429 3296 1643 3366 Vendaqirieasis
1655 3303 1801 3364 poncinic-

174 3371 306 3438 buslibet,
333 3370 416 3428 liceat
435 3370 593 3428 exactiones
616 3371 725 3442 aliquas
750 3379 797 3427 aut
822 3372 961 3429 molestias
1208 3388 1254 3427 nes
1268 3370 1441 3440 etpririlcpin
1456 3369 1607 3434 rovprurnr.

174 3463 356 3520 fiscannensi
370 3463 504 3530 coenobio,
524 3462 566 3518 vci
582 3462 708 3519 ecclesiis
724 3464 898 3535 supradictis,
919 3464 961 3520 rei
1259 3461 1411 3533 (Laterani,
1424 3459 1490 3515 iun.
1501 3457 1560 3529 26.)

174 3554 283 3610 cuericis
302 3555 404 3610 eisdem
425 3555 642 3611 deservientibus
658 3556 798 3628 irrogarc;
819 3557 866 3612 sed
881 3555 959 3611 liberi
983 3627 986 3632 ι
1075 3562 1272 3634 [burrianum.
1287 3554 1357 3609 dnn.
1369 3551 1459 3617 cim,
1472 3551 1516 3617 lli,
1532 3554 1614 3621 App,
1627 3567 1654 3621 p.
1671 3552 1751 3625 ²⁰³4

174 3657 203 3701 et
226 3646 311 3716 quieti
336 3646 505 3718 persistant,
535 3660 671 3716 quotenus
695 3649 878 3720 omnipotenti
904 3649 958 3703 lico
1044 3658 1223 3714 effusurus
1243 3650 1411 3720 episcopus,
1446 3659 1542 3702 servus
1570 3659 1715 3700 servornm·
1744 3647 1799 3707 lici,

171 3735 289 3793 liberm
302 3736 409 3814 illim
424 3747 485 3794 V⁰¹³
497 3737 662 3806 del⁵⁰¹l⁰l0·
1009 3752 1108 3807 dilecto
1120 3748 1175 3803 illio
1184 3744 1289 3800 baveno
1301 3738 1390 3796 abbati
1405 3736 1561 3793 monasterii
1581 3733 1693 3792 Sanctae
1709 3737 1799 3793 ilaris

210 3830 388 3886 Deceruimus
400 3846 465 3903 crgo
478 3842 507 3887 ut
518 3830 585 3892 ¹indii
600 3832 712 3888 cannino
726 3834 865 3891 bominum
879 3837 960 3893 liccat
1009 3836 1241 3909 vandagitiensis,
1256 3843 1311 3888 etc.

174 3922 316 3994 praiatunr
346 3924 544 3979 monasterium
574 3932 676 3980 tenuere
702 3927 886 3996 perturbare,
912 3937 959 3983 aut
1045 3928 1206 4000 Apostolicac
1224 3925 1316 3986 sedis,
1340 3919 1386 3977 cui
1405 3929 1516 3975 anctore
1536 3918 1653 3974 Domino
1671 3919 1797 3989 preside«

174 4013 233 4081 ejm
243 4013 428 4082 possessiones
438 4011 558 4079 avrievre,
575 4014 616 4068 vel
636 4015 742 4071 ablatas
756 4018 888 4088 retinere,
908 4022 959 4075 nvi·
1009 4036 1081 4086 mus,
1095 4034 1146 4074 nos
1159 4018 1285 4072 bortatur
1297 4012 1447 4068 auctoritas
1466 4025 1516 4081 pro
1528 4010 1710 4066 ecclesiarum
1726 4019 1795 4064 statu

174 4119 270 4168 nevere,
291 4117 338 4158 scu
355 4102 520 4174 quibuslibet
542 4106 733 4165 vexatbmibm
746 4108 881 4178 latigare;
911 4113 957 4167 aed
1009 4121 1147 4181 satagere,
1161 4119 1188 4165 ct
1204 4123 1265 4178 qun
1278 4107 1312 4159 sd
1335 4119 1429 4159 enrurn
1445 4112 1510 4158 sunt
1528 4102 1647 4170 quietem
1668 4103 1795 4172 disposita

173 4195 266 4249 omnia
288 4195 394 4264 integra
417 4205 613 4250 conserventur
634 4212 739 4266 eorum,
769 4215 818 4269 pro
841 4217 957 4271 qnorum
1008 4203 1183 4276 propensiore
1201 4197 1341 4267 diligentia
1357 4192 1490 4250 stabilire.
1515 4190 1687 4260 Enproptcr,
1709 4191 1795 4246 dilecti

173 4283 371 4355 gubernatione
384 4300 416 4340 ac
428 4286 625 4341 sustentatione
635 4303 765 4345 correcssa
778 4303 852 4358 siun,
866 4295 959 4349 usibus
1009 4297 1035 4351 in
1056 4294 1170 4351 Domino
1190 4291 1237 4345 biii
1249 4329 1257 4354 ,
1271 4287 1369 4343 restris
1385 4285 1468 4353 justis
1487 4283 1721 4354 postulationibus
1746 4285 1797 4339 cle·

174 4377 338 4434 omnimodis
360 4380 513 4448 profutura,
539 4382 613 4436 salva
633 4382 708 4437 scriis
729 4385 889 4453 apostolicae
914 4403 960 4439 au·
1009 4396 1114 4442 menter
1143 4383 1310 4444 annuimus,
1330 4386 1357 4431 et
1395 4375 1554 4447 pradictum
1587 4372 1797 4445 vandagitiense

174 4465 312 4531 ctoritate,
336 4467 364 4522 Si
387 4480 440 4536 qua
473 4467 556 4535 igitur
578 4469 604 4523 in
629 4468 749 4524 laturum
770 4471 955 4530 ecclesiastica
974 4477 1214 4554 „monasterium
1231 4473 1326 4541 inquo
1349 4468 1443 4522 alirino
1460 4466 1528 4521 estis
1549 4463 1683 4533 obsequio
1697 4465 1796 4520 manci·

173 4555 347 4612 secularisve
374 4572 500 4627 persona,
525 4560 598 4616 bunc
628 4571 728 4616 nostrae
755 4565 958 4620 constitutionis
1010 4568 1086 4639 pati,
1110 4565 1182 4636 quod
1208 4564 1245 4617 nti
1279 4559 1430 4616 recolendae
1464 4557 1602 4612 memoriae
1625 4557 1661 4611 ab
1687 4556 1797 4621 lingone

173 4648 300 4720 paginam
312 4650 412 4716 sciens,
426 4662 522 4707 contra
538 4669 599 4709 earn
616 4664 717 4711 temere
733 4658 826 4711 vcuirc
839 4666 959 4714 tentare·
1009 4661 1144 4730 quovulauv
1159 4657 1317 4711 marritione
1341 4658 1448 4707 ‹musmt
1462 4664 1523 4704 esse
1545 4658 1747 4713 constnrcruvn,
1760 4662 1797 4704 ar·

173 4740 220 4804 rit,
234 4742 354 4794 secrrndo
369 4742 481 4799 tertiove
496 4746 672 4812 conrumpire,
686 4748 738 4802 nisi
756 4755 860 4802 reatuum
878 4765 957 4804 sutrim
1008 4768 1088 4823 quen
1106 4748 1352 4819 praedecessoribus
1371 4742 1474 4803 nostris
1500 4748 1603 4795 sanctae
1626 4740 1797 4795 recordatio·

172 4832 253 4900 digna
264 4832 453 4890 satisfactione
466 4838 626 4904 eorrexerit,
642 4841 782 4909 potestatis
794 4840 959 4909 honorisque
1009 4841 1051 4894 nis
1076 4839 1221 4899 Silvestre,
1247 4834 1372 4899 calisto,
1396 4828 1554 4883 innocentio
1582 4834 1611 4882 cl
1639 4827 1797 4882 Alexandro

172 4926 215 4981 sui
247 4937 341 4982 cureat
364 4928 515 4997 dignitate,
538 4946 667 5001 reamque
690 4948 720 4989 se
742 4935 834 4990 divino
855 4935 957 5003 judicio
1009 4932 1139 4986 liumanis
1161 4926 1334 4994 pontificibus
1360 4923 1481 4979 libertati
1495 4922 1625 4976 donatum
1638 4927 1693 4986 est,
1718 4931 1797 4989 atque

172 5017 292 5076 existere
316 5017 524 5088 depcrpctrutu
551 5021 693 5090 iniquitate
715 5036 871 5094 cognoseat,
895 5035 956 5081 ctu
1007 5025 1041 5078 ad
1065 5023 1111 5089 jus
1136 5021 1206 5074 boanti
1236 5020 1308 5074 Petri
1338 5026 1494 5085 sancteque
1519 5014 1650 5069 Romanae
1670 5012 1797 5069 Ecclesiae

172 5108 358 5161 sacratissimo
384 5123 499 5178 corpore
524 5119 552 5164 et
575 5113 708 5180 sanguino
730 5115 826 5170 Dei-et
850 5117 955 5172 Dorviini
1007 5113 1117 5184 speciali
1138 5109 1318 5181 praerogatiua
1348 5108 1509 5177 pertinens,
1543 5103 1796 5174 apostolicaesedis

173 5194 364 5264 liedemptoris
388 5199 472 5252 nostri
491 5197 555 5254 iesu
571 5200 672 5255 Cirristi
689 5202 776 5259 aliena
795 5207 853 5270 liat,
875 5218 957 5278 utque
1007 5202 1150 5274 privilegio
1172 5200 1384 5257 conrvnuuirnus,
1399 5201 1555 5250 statuentes
1569 5203 1797 5264 nisii¹¹³⁸⁰¹¹⁰d¹¹0

171 5287 198 5342 in
226 5297 348 5342 extremo
372 5290 500 5344 examine
522 5290 652 5347 districtae
678 5297 816 5366 svsivjucvut
848 5302 955 5355 ultioni.
1008 5291 1202 5361 possessiones,
1227 5296 1395 5356 quaecunque
1420 5287 1491 5339 boun
1507 5283 1578 5338 idern
1600 5286 1795 5339 monasterium

169 5375 283 5432 Cunctis
299 5389 388 5432 autem
404 5380 490 5434 eidem
508 5380 567 5436 loco
581 5398 629 5438 sua
640 5385 702 5452 jura
718 5392 899 5455 servantibus,
922 5392 957 5445 sit
1008 5383 1251 5451 itnbfflwssliiiium
1269 5381 1357 5448 1⁰⁵¹&
1369 5388 1436 5444 elin
1456 5378 1534 5439 filma
1550 5376 1627 5431 l0b5⁸
1642 5378 1796 5443 mirisque

170 5481 223 5536 pax
242 5466 348 5522 Domini
374 5470 460 5525 nostri
485 5469 548 5526 lesu
569 5473 682 5546 Christi,
709 5489 845 5548 quatenus
865 5493 893 5538 er
913 5483 957 5537 bic
1006 5476 1209 5532 successoribus
1235 5484 1263 5530 et
1291 5474 1394 5527 illibata
1425 5479 1613 5540 pcnrvsneant.
1639 5470 1668 5524 ln
1700 5473 1795 5543 quibus

172 5554 289 5612 inactum
314 5559 392 5616 bonae
423 5565 539 5621 actionis
562 5569 731 5639 percipiant,
761 5583 789 5625 et
817 5575 888 5640 apud
913 5574 955 5627 di·
1007 5567 1065 5624 irasc
1084 5568 1201 5637 propriis
1214 5568 1339 5623 duximus
1356 5563 1531 5634 exprimenda
1552 5562 1716 5617 vocabulis:

172 5647 422 5719 strictumjudicem
447 5658 556 5722 premia
573 5668 682 5714 aeternae
705 5660 778 5727 pacis
805 5661 953 5715 inveniant.
1040 5660 1137 5714 b'illarn
1163 5659 1279 5713 abbatiae
1303 5659 1329 5711 in
1355 5673 1407 5725 qun
1436 5655 1701 5719 morrastcriumcst,
1727 5671 1790 5711 cunr

171 5736 266 5791 bineli·
1007 5751 1084 5820 plebe
1107 5750 1200 5805 Snncri
1217 5748 1345 5816 ioaruris3
1381 5748 1565 5820 i'sngaditianr
1586 5761 1649 5806 cunr
1677 5748 1792 5807 ecclcaia
