3960 6314
315 372 385 428 rtur
937 353 1307 416 uoemsrmrmrann
1888 355 1948 415 rusa

311 484 363 542 lica
378 485 585 549 conlbmamus,
606 488 635 538 ol
656 474 801 550 presentis
826 472 922 546 scripti
948 475 1139 546 patrocinioA
1157 471 1280 529 temitati
1297 478 1395 527 restra
1417 458 1467 543 per
1479 471 1628 543 apostolica
1646 470 1751 542 scripta
1770 474 1946 535 mandamns.

311 575 522 634 communimus.
1033 558 1040 575 ‘
1152 561 1324 636 quateunssi
1339 563 1948 639 pradictusepiseopnseanuaepreotstmns

347 666 525 722 decernimus
546 678 611 735 erpo
627 670 657 718 ιι
678 659 746 718 nulli
767 658 882 717 omnino
899 658 1041 715 bominum
1067 658 1102 713 li·
1151 659 1281 719 celeriter
1297 658 1446 714 emendare
1460 659 1578 717 noluerit
1592 701 1601 729 ‚
1614 673 1663 716 ros
1675 660 1767 731 ipsum
1782 660 1819 714 ab
1833 659 1946 717 indebita

309 766 381 823 ceat,
397 766 451 815 etc.
469 756 575 827 Siquis
590 762 694 820 autem,
710 762 766 809 cte.
1152 746 1344 806 molestatione
1357 746 1517 803 monasterii
1529 749 1670 815 amedeo,
1686 748 1842 806 abbatissae
1855 760 1883 806 et
1896 765 1947 806 mo

346 852 443 908 batum
461 848 591 905 Laterani
612 863 633 903 ιι
652 843 713 902 llal.
739 843 911 913 Decembris,
926 843 1102 918 pontificatus
1151 839 1275 907 mattam,
1291 848 1373 912 prout
1386 837 1517 912 expedire
1539 838 1687 907 videritis,
1705 840 1819 897 sublato
1833 840 1947 910 appella·

311 943 396 1000 nostri
409 954 482 997 anno
499 948 588 997 serto.
1152 932 1235 990 tionis
1246 933 1400 1003 obstaculo,
1414 932 1618 1005 compescatis;
1633 942 1661 989 et
1676 942 1731 988 tam
1750 931 1945 990 monasteriam

608 1029 797 1089 cebxxttlv.
1151 1024 1241 1096 ipsum
1256 1039 1341 1097 quana
1355 1024 1491 1083 moniales
1501 1064 1511 1094 ‚
1523 1024 1557 1083 de
1569 1022 1734 1082 auctoritate
1755 1023 1908 1093 apostoliea
1921 1024 1945 1078 ia

383 1124 462 1181 Bulla
476 1140 524 1197 pro
537 1125 695 1181 monialibus
711 1126 742 1182 S.
754 1122 860 1178 Iuliani
874 1123 1021 1181 Antistiod.
1150 1114 1277 1173 omnibus
1295 1116 1495 1189 questionibus
1515 1126 1660 1191 protegere
1673 1123 1703 1172 el
1724 1113 1876 1172 defendere
1889 1129 1946 1186 pso·

555 1215 715 1286 (Laterani.
732 1212 797 1269 llec.
811 1211 852 1280 b.)
1152 1207 1256 1265 caretis
1257 1242 1574 1268 ...........
1592 1208 1664 1280 quod
1678 1206 1702 1264 si
1714 1206 1799 1262 ambo
1811 1205 1946 1261 abeam

468 1307 553 1383 [Gall.
568 1306 667 1363 Cirlst.
680 1302 725 1361 xll
738 1344 746 1370 ,
758 1302 853 1371 lustr..
865 1303 940 1378 lle]
1151 1301 1269 1370 quentis
1290 1300 1470 1375 nequiveritis
1488 1301 1641 1368 interesse,
1663 1308 1691 1356 tu
1703 1298 1791 1356 trater
1814 1297 1944 1369 arebiepi·

350 1404 532 1464 mensuruus
545 1399 699 1467 epiecopus,
715 1408 811 1452 servus
823 1410 967 1452 servorum
984 1394 1043 1460 bet.
1054 1410 1101 1451 ro-
1150 1403 1247 1462 Scope,
1258 1391 1299 1448 eie
1315 1393 1492 1451 nibilominus
1495 1425 1944 1451 ................

307 1497 479 1554 nerabilibus
497 1488 628 1548 tratribus
642 1487 793 1546 Senonensi
819 1488 1026 1562 archiepiscopo
1041 1532 1049 1559 ‚
1073 1500 1102 1547 et
1187 1486 1285 1542 barum
1295 1485 1437 1556 laterani,
1453 1485 1636 1546 teratuttoms
1650 1485 1823 1553 decenbris,
1840 1485 1945 1559 pontii·

306 1586 467 1645 bisernensi
482 1585 611 1656 episcopo
625 1622 633 1649 ‚
647 1580 806 1639 salutemet
820 1582 999 1654 apostolicam
1019 1582 1103 1643 bene·
1154 1591 1235 1638 catus
1253 1583 1338 1657 rnosui
1353 1598 1426 1641 anno
1444 1592 1533 1642 sesto.

307 1680 466 1735 dictionem.
1451 1696 1630 1756 ccbxxxv.

341 1769 516 1825 iratasmissa
537 1767 615 1824 nobis
633 1765 798 1822 dilectarum
819 1764 846 1821 in
860 1766 970 1822 cbristo
983 1765 1099 1822 dliatnm
1150 1785 1294 1842 mam„
1306 1786 1337 1843 3·
1353 1785 1430 1842 pem·
1444 1789 1633 1859 &mummi
1648 1800 1672 1845 a
1686 1787 1907 1858 mmmm·
1916 1801 1944 1839 n

306 1863 454 1926 obbatissoe
469 1870 497 1916 ct
515 1857 718 1918 mordalinms.
735 1856 836 1912 iuliani
852 1856 1099 1914 Autissiodorensis
1114 1883 1136 1940 B
1184 1857 1327 1927 preposito
1350 1857 1382 1913 S.
1405 1858 1519 1913 Andreae
1539 1859 1709 1929 Frisinpmsr‘
1721 1859 1839 1914 mandat
1851 1868 1880 1914 ιιι
1893 1858 1945 1925 las·

306 1954 505 2023 cooqtaestione
529 1953 707 2022 accepimus,
735 1951 807 2022 qrtod
837 1967 899 2007 caran
935 1951 1098 2008 uenerabilis
1185 1925 1404 2052 {affixum
1423 1939 1517 1984 ‘⁰⁸¹¹‘
1536 1929 1704 1984 amm
1720 1927 1944 1999 'mmm'

305 2042 1099 2113 beternosterantissiodorensisepiscopuseistaraqaaam
1314 2041 1322 2057 ⁸
1411 2092 1460 2148 ω
1530 2094 1539 2147 ι
1568 2092 1622 2149 ⁰oe
1647 2092 1704 2162 Η)

307 2138 395 2192 bonatus
413 2145 490 2207 pater
503 2134 616 2190 deberet
632 2139 659 2188 ln
689 2133 925 2193 benedictionibus
938 2132 1097 2199 contovere,
1397 2095 1406 2163 i
1430 2202 1435 2212 Ι
1461 2107 1551 2161 Μ’
1624 2133 1632 2148 “
1662 2185 1677 2200 ,

304 2238 332 2282 ct
345 2242 402 2283 sna
425 2225 563 2297 religionis
575 2226 673 2289 otium.
695 2224 768 2294 ortod
783 2223 936 2294 suscepisse
959 2225 1098 2292 ridentur,
1367 2184 1466 2258 [ω’
1487 2185 1609 2255 Bm*
1624 2184 1647 2250 ¹·
1662 2183 1740 2257 ὥθ’]

304 2319 442 2389 aliquibus
470 2317 652 2386 quaestionum
689 2312 852 2371 tumultibus
878 2330 932 2370 non
967 2315 1097 2380 turbare.
1447 2294 1638 2353 Gelofflii·

303 2412 362 2480 ipso
378 2408 460 2480 (quood
476 2409 520 2462 rix
534 2407 647 2465 credere
663 2405 820 2479 possumus)
834 2408 979 2463 occasione
1004 2405 1095 2462 indul·
1148 2388 1245 2444 ΔΜ
1262 2388 1476 2446 ''mmmm''
1490 2391 1945 2462 ‘Wil0i0215‘0ml'0'l‘8mi‘250

1185 2457 1349 2517 Treuirensis
1373 2463 1483 2518 maudut
1503 2471 1533 2517 ιιι
1545 2462 1667 2532 judicent
1692 2466 1764 2517 inter
1789 2464 1890 2532 {ratres
1913 2462 1942 2518 S.

303 2500 511 2573 pentiaeasede
537 2498 687 2570 apostolica
717 2498 943 2569 irrapctratae‚ens
966 2506 1097 2569 aggravat
1184 2527 1260 2585 pem·
1279 2530 1566 2601 „mmmmm”
1580 2532 1753 2604 mmmm
1770 2533 1944 2601 simun

304 2593 493 2664 multiplieiter
517 2601 545 2647 et
569 2590 689 2647 tatastat.
706 2589 739 2645 bt
758 2605 820 2647 cum
847 2590 1013 2662 induigentia
1038 2591 1096 2660 ipsa
1184 2599 1354 2672 lippeam,

305 2699 355 2756 pro
372 2683 563 2739 melioratione
594 2681 753 2736 turonastcrii
785 2697 799 2734 a
825 2681 905 2736 ateiris
929 2683 1017 2736 eirlcm
1040 2681 1098 2751 epi·
1379 2681 1535 2767 (mmm,
1551 2699 1617 2760 pec,
1634 2698 1693 2769 pp)

303 2792 387 2848 scopo
403 2776 484 2833 inerit
510 2777 544 2833 tle
561 2774 728 2847 benignitate
753 2777 826 2832 sedis
851 2774 1006 2846 apostolice
1030 2791 1097 2831 con·
1231 2780 1365 2854 [lorsam
1383 2785 1448 2845 ller.
1463 2787 1586 2858 Ιοςιιιιι.
1602 2788 1718 2862 script..
1731 2787 1768 2858 ΙΙ,
1783 2786 1865 2864 seed

303 2883 393 2934 cessa,
416 2870 485 2938 ipsc,
509 2869 581 2924 sicut
596 2869 704 2932 dicitnr,
721 2883 776 2922 non
800 2867 834 2921 ad
848 2867 970 2937 ejusdem
999 2881 1095 2921 mona·
1433 2900 1634 2964 (mmm

302 2961 379 3016 suerii
396 2961 540 3016 utilitatem
565 2961 696 3030 peraaaissa
712 2960 764 3014 sibi
781 2960 866 3014 utitur
886 2969 1032 3028 potestate.
1048 2960 1095 3015 sed
1218 2987 1389 3063 ssu-„mmm
1413 3011 1462 3062 m
1485 3001 1645 3055 mommo
1669 3000 1702 3057 3·
1729 3000 1860 3074 mom-3

301 3053 393 3123 potius
407 3054 511 3108 lucrum
536 3052 686 3121 temporale
701 3051 855 3112 attendens.
878 3066 960 3121 quanm
977 3051 1094 3109 mutem
1384 3086 1395 3155 p
1409 3083 1547 3153 wenni,
1561 3089 1625 3145 Dec·
1638 3090 1706 3163 Β.)

301 3146 483 3202 rorasidernns
516 3145 691 3208 aminarum,
728 3144 800 3213 ipsas
825 3143 941 3200 assiduis
964 3141 1093 3210 quaestio·
1147 3168 1191 3242 [ὓ.
1217 3171 1344 3230 ptum
1390 3175 1452 3231 mu
1481 3179 1515 3234 ἡ
1542 3179 1628 3235 rabba
1646 3198 1661 3237 e
1681 3183 1716 3241 ἡ
1740 3182 1925 3242 Sum-nm

301 3239 382 3293 nibus
408 3237 593 3306 propulsando
623 3235 742 3308 inligat.
766 3243 795 3291 ot
817 3248 912 3289 earum
937 3233 998 3303 p'nra
1023 3228 1131 3287 laodite
1353 3215 1362 3241 ’
1395 3199 1668 3328 pmfiveswffli]
1897 3205 1914 3258 ⁹
1931 3227 1939 3252 '

302 3331 490 3400 multipliciter
504 3341 531 3387 et
543 3332 696 3400 perturbat.
714 3329 747 3383 Et
768 3344 829 3385 cnm
843 3327 967 3383 cnarradem
990 3327 1096 3396 cpisco·
1186 3333 1367 3393 Coenrsraaus
1378 3339 1535 3411 episeopus,
1547 3358 1643 3401 serrato
1659 3360 1808 3405 serrorum
1826 3349 1885 3410 bei.
1905 3351 1930 3405 di

304 3438 367 3494 param
384 3425 516 3478 deberent
530 3422 630 3477 babere
646 3422 673 3475 in
700 3422 758 3476 suis
779 3420 892 3491 justitiis
912 3419 1093 3482 netbarsorcm
1147 3420 1384 3478 lectodlioioaam
1396 3425 1615 3500 eleemosynario
1626 3431 1656 3490 S.
1671 3430 1811 3503 dionysii,
1824 3431 1938 3492 salutent

301 3520 390 3587 ipsum
403 3517 592 3572 aduersarium
606 3516 726 3571 seruiunt
739 3525 767 3572 et
782 3526 951 3586 caigatarscnm
966 3532 972 3568 :
988 3525 1015 3570 et
1029 3530 1093 3569 cum
1146 3523 1173 3568 ct
1187 3515 1364 3583 apostolicam
1380 3517 1611 3577 benedictionem.

299 3627 349 3679 per
363 3609 491 3665 officiales
514 3623 578 3665 snos
595 3609 629 3663 de
645 3608 867 3663 arrnleiactnribus
891 3607 976 3676 ipsius
999 3623 1094 3661 mnnn·
1180 3605 1267 3662 lnsm
1298 3610 1447 3678 petentium
1473 3612 1618 3671 desideriis
1658 3616 1776 3688 dignum
1820 3631 1865 3676 est
1891 3636 1936 3677 nos

300 3703 376 3758 sterii
392 3700 526 3770 justitiam
541 3700 684 3770 requirunt
699 3699 826 3767 crtanscrpni
856 3698 896 3752 acl
923 3699 1039 3761 iurabere.
1055 3710 1094 3756 tot
1144 3699 1250 3755 facilem
1263 3702 1388 3772 prebere
1398 3718 1563 3760 consertsum
1579 3716 1609 3763 et
1633 3718 1694 3765 uota
1707 3725 1770 3780 qaum
1788 3727 1804 3766 a
1825 3714 1936 3770 rationis

299 3791 1093 3861 etaaartaaoipsoetsntaelatenrmonanrtoparatutas
1144 3794 1254 3847 tramite
1270 3808 1323 3848 raon
1352 3796 1512 3851 discordant
1525 3795 1622 3858 ellectu
1652 3813 1839 3870 prosequente
1865 3820 1935 3860 eona·

299 3887 464 3948 inferuntur,
485 3884 556 3954 quand
578 3882 629 3938 nisi
645 3882 686 3936 eis
706 3897 754 3951 per·
774 3883 1017 3950 sedisapostolicae
1036 3884 1091 3938 cle·
1143 3883 1227 3954 plere.
1252 3886 1433 3958 Quapropter,
1446 3889 1544 3946 dilecto
1561 3889 1588 3945 in
1606 3890 1722 3949 Domino
1738 3893 1792 3960 illi,
1807 3897 1864 3952 tuis
1876 3913 1934 3966 pre·

300 3977 432 4032 memiana
458 3975 512 4029 cito
541 3981 742 4036 succurratur,
768 3983 877 4040 oportet
901 3974 973 4042 ipsas
999 3977 1092 4044 (prout
1141 3978 1351 4035 cibusinclioati
1365 3981 1475 4036 doraum
1488 3992 1516 4037 et
1533 3997 1629 4039 neonus
1649 3983 1813 4057 berengerii
1828 4000 1858 4046 et
1871 3990 1933 4045 alias

298 4069 387 4133 aiunt)
399 4077 424 4120 ct
437 4065 557 4119 lmbitmn
572 4072 705 4132 suscepte
721 4079 740 4116 a.
752 4063 858 4131 ligionis
870 4065 1005 4129 deserere,
1019 4078 1045 4118 ut
1057 4068 1090 4121 ab
1142 4070 1329 4137 possessiones
1343 4085 1412 4139 quas
1430 4085 1477 4128 too
1499 4077 1591 4131 studio
1610 4077 1643 4129 ad
1661 4090 1731 4146 opus
1749 4079 1853 4136 ‹lomua
1867 4084 1933 4137 elec·

298 4161 359 4228 ipso
378 4156 544 4211 unocastello
565 4154 691 4208 exsulare
694 4189 1088 4212 ··············
1142 4162 1306 4230 naosyunrla
1330 4163 1489 4232 acquisisti,
1505 4169 1672 4223 auctoritate
1705 4170 1754 4223 tibi
1782 4175 1931 4240 apostoliea

298 4249 434 4304 abbatissa
439 4283 598 4302 ......
616 4244 761 4301 ecclesiam
778 4243 972 4316 decoloratae,
991 4249 1017 4302 in
1036 4265 1088 4318 nara
1141 4249 1343 4318 confirmamus,
1369 4264 1520 4311 satuentes
1545 4269 1574 4311 ut
1597 4261 1790 4328 possessiones
1819 4265 1882 4319 illas
1908 4277 1932 4319 et

295 4341 340 4410 jns
355 4341 584 4411 praesentationis.
605 4383 612 4399 .
634 4380 643 4399 .
663 4381 671 4398 .
693 4343 759 4400 .W.
773 4347 805 4399 ale
816 4346 845 4402 S.
856 4346 950 4404 Prisco
960 4347 1088 4403 clericum
1141 4341 1274 4411 quidquid
1290 4344 1326 4397 ibi
1342 4343 1507 4400 aetatulam
1529 4346 1662 4416 buturum,
1692 4347 1811 4406 bonaino
1837 4370 1931 4410 corree-

298 4444 498 4505 prarsentarunt
500 4471 686 4493 .......
708 4430 781 4492 illins
795 4440 990 4496 institutionem
1011 4457 1088 4498 recu·
1140 4436 1233 4502 dentc,
1253 4437 1355 4506 poteris
1373 4438 1498 4507 adipisci,
1512 4438 1598 4494 libere
1611 4451 1638 4494 et
1649 4442 1743 4509 pariete
1756 4447 1826 4497 dnm
1838 4445 1932 4500 rixeris

297 4542 382 4593 satas,
407 4527 474 4582 nibil
489 4529 651 4583 canonicum
676 4529 808 4598 objiciens
831 4531 857 4586 in
883 4542 1089 4602 personann‚et
1104 4560 1127 4615 0
1141 4526 1324 4584 administros.
1351 4530 1389 4584 lta
1409 4541 1498 4584 tamen
1526 4530 1599 4598 qttod
1624 4540 1686 4598 post
1712 4533 1824 4589 obitum
1856 4548 1929 4592 tunm

297 4618 536 4690 presentationem
553 4619 641 4676 eidem
654 4621 805 4677 abbatissae
821 4622 966 4681 admittere
978 4638 1088 4680 recusa-
1141 4631 1236 4675 omnes
1247 4619 1434 4689 possessiones
1447 4619 1499 4674 illa
1514 4622 1549 4676 ad
1560 4621 1670 4677 ιΙοιιιιιιιι
1684 4623 1930 4698 eleemosynariam

296 4711 347 4767 rit.
369 4748 377 4765 .
399 4750 406 4766 .
427 4713 439 4768 .'
455 4748 763 4774 ...........
783 4714 908 4771 uolumus
930 4731 981 4773 nec
1003 4719 1085 4774 deba-
1138 4713 1291 4784 pleoolure
1302 4715 1443 4784 pervenire
1456 4716 1573 4771 delusam
1588 4726 1616 4771 et
1635 4715 1756 4783 devolvi,
1772 4720 1849 4777 sient
1862 4738 1879 4778 a
1896 4721 1932 4776 di·

298 4814 359 4856 anus
376 4801 448 4872 quod
470 4802 541 4858 sicut
561 4803 649 4872 ipsum
665 4817 720 4860 oon
738 4806 886 4871 conuenit,
901 4813 931 4860 ut
945 4807 1088 4863 occasione
1138 4805 1217 4861 lectis
1228 4804 1291 4860 tiliis
1311 4803 1458 4860 {babitare
1478 4813 1506 4862 et
1522 4816 1661 4862 conuentu
1679 4806 1711 4862 S.
1729 4807 1857 4880 bionpstt
1884 4810 1929 4868 tlbl

297 4893 472 4965 indulgentiae
487 4905 587 4950 nostrae
608 4895 734 4953 molestet
746 4897 942 4953 monasterium
956 4909 1021 4954 ante
1043 4900 1087 4955 di·
1138 4903 1251 4966 propiet
1268 4895 1369 4951 domm
1383 4904 1411 4951 et
1430 4893 1502 4961 ptam
1524 4895 1703 4951 intentionem
1720 4910 1808 4968 llum
1826 4899 1862 4956 sd
1885 4901 1930 4954 tio·

295 4993 383 5055 etum,
400 5001 463 5043 cum
485 4987 568 5043 etiam
582 4988 616 5044 de
618 5024 922 5045 ...........
942 5005 1089 5046 conversa·
1138 5003 1212 5043 ιιιιιιιι
1226 4986 1473 5054 eleemosynariam
1487 4986 1591 5042 babere
1611 4986 1783 5058 dignosceris
1797 4999 1843 5046 est
1866 5005 1929 5047 eon·

296 5080 371 5135 tione
384 5079 523 5144 laudabili.
536 5086 564 5135 et
577 5078 816 5136 administratione
829 5081 955 5150 laonesta,
969 5083 1086 5152 plurium
1138 5095 1245 5137 cessam
1262 5090 1291 5135 et
1307 5080 1335 5135 in
1347 5095 1442 5135 eorum
1460 5080 1564 5151 scripto
1583 5081 1743 5137 authentico
1757 5085 1927 5140 continetur.

297 5171 454 5228 testimonia
466 5171 500 5226 de
516 5171 570 5227 illis
582 5170 708 5243 partibus
725 5173 877 5243 recepimus
898 5152 1085 5245 praelatorum,
1138 5173 1207 5229 llolli
1222 5189 1289 5245 ergo
1302 5174 1413 5229 omnino
1430 5175 1571 5231 bominum
1591 5175 1678 5230 liceat
1702 5174 1776 5232 banc
1803 5180 1927 5251 pagiuam

296 5265 385 5320 eidam
401 5265 530 5337 episcopo
549 5279 597 5336 per
616 5263 783 5336 scripturam
800 5274 920 5321 nostram
924 5304 1084 5325 ......
1137 5281 1241 5326 nostrae
1255 5269 1511 5327 confirmationiset
1533 5268 1740 5326 constitutionis
1765 5267 1927 5346 tatamen.

297 5355 466 5427 tirmiterque
478 5357 653 5428 precipimus
672 5369 702 5416 ut
716 5360 910 5414 monasterium
929 5359 1028 5430 ipsum.
1047 5401 1054 5415 .
1077 5404 1084 5418 .
1137 5361 1178 5418 tei
1191 5363 1216 5418 ei
1231 5377 1298 5417 ausu
1313 5362 1463 5418 temerario
1474 5361 1625 5418 contraire.
1642 5359 1742 5430 Siquis
1752 5372 1848 5420 autera
1861 5369 1927 5420 banc

297 5450 574 5506 ...molestatione
593 5450 711 5507 indebita
736 5468 789 5508 ιιοιι
814 5451 929 5522 fatiget,
949 5463 976 5507 ct
999 5453 1086 5508 abba·
1137 5461 1274 5508 attentare
1303 5453 1528 5523 praesumpserit.
1552 5451 1771 5523 indignationem
1802 5457 1925 5526 omnipo·

297 5540 391 5595 lissam
409 5549 437 5596 et
460 5542 589 5598 moniales
611 5542 751 5611 permittat
771 5543 797 5598 in
812 5552 910 5598 sancto
925 5541 1017 5597 babitu
1033 5542 1085 5597 bo·
1137 5545 1220 5600 tentis
1236 5545 1282 5600 bei
1303 5556 1332 5600 et
1345 5546 1488 5601 beatorum
1513 5543 1586 5601 l’etri
1601 5552 1629 5601 et
1641 5542 1719 5600 Pauli
1737 5549 1924 5618 apostolorum

295 5634 369 5687 mium
384 5631 496 5700 pacidce
509 5630 668 5690 desereire:
691 5634 754 5689 etsi
777 5650 823 5690 eas
838 5635 865 5689 in
887 5634 977 5704 aliquo
1000 5648 1085 5704 usqne
1134 5636 1194 5705 ejns
1217 5650 1247 5691 se
1268 5639 1374 5692 noterit
1387 5637 1570 5690 incursurum.

296 5739 369 5778 narare
393 5724 619 5781 irrationabiliter
652 5726 798 5783 odendisse
819 5727 1008 5799 dignoscitur.
1035 5742 1085 5795 per
1172 5730 1230 5783 bat.
1247 5729 1321 5800 Lat..
1336 5729 1925 5803 teto.becenab.,ponribcatusoostrtanm

295 5815 414 5886 seipsum
431 5816 513 5874 celeri
529 5818 719 5875 contendatione
736 5821 861 5893 castiget.
887 5821 1002 5890 lucoque
1027 5819 1083 5874 lra-
1135 5830 1224 5878 scuto.
