3960 6314
168 348 241 404 ιῖθὸ

594 344 771 402 usisibus
792 346 835 401 nt
855 344 1058 402 rtttt'ttects.
1078 375 1112 384 -
1131 343 1186 399 AN.
1208 343 1277 400 titt

168 463 391 527 deliberaverint.
406 463 459 518 nisi
481 461 551 517 iorte
571 441 799 519 exeommunicati
814 463 855 517 tel
870 464 954 519 inter·
971 481 992 534 Λ
1008 463 1076 516 niceo
1088 474 1160 513 astruo
1175 459 1254 526 ttsd,
1269 457 1444 529 pontillcatus
1464 467 1529 510 sero
1546 453 1641 513 domni
1657 450 1800 509 celestini

168 548 236 604 dieti
253 549 318 613 sint.
332 551 425 607 nuilus
438 550 567 616 obsistat,
587 549 660 606 salta
675 560 765 607 tanton
777 551 884 619 justitia
901 552 960 606 illa·

169 653 233 695 rum
245 639 427 698 ecelesiarum
441 657 456 696 a
471 642 572 712 quibus
582 651 751 698 mortuorum
763 656 877 711 corpora
889 657 963 698 ussu-

169 742 292 790 nmntnr.
310 733 438 790 berinae
460 745 591 805 praterea
610 743 639 791 et
662 735 850 807 possessiones
872 736 962 808 adjus

169 822 349 880 ocules-iarum
365 832 518 878 uestrarum
543 831 709 893 spectantes,
722 837 782 892 quae
797 836 812 876 a
826 821 905 877 laicis
915 821 963 876 do·

170 915 305 979 tinetttur.
325 915 475 975 redimendi
488 913 648 986 ellepitime
667 914 800 972 liberandi
821 915 855 971 de
875 913 963 970 matri·

168 1007 222 1062 bus
235 1018 342 1074 eorum,
356 1016 385 1063 et
398 1008 433 1063 sd
444 1004 577 1063 ecclesias
598 1006 633 1062 ad
651 1021 720 1078 quas
732 1007 868 1079 pertinent
885 1018 963 1060 reto·

168 1099 269 1165 candi.
286 1099 372 1158 libera
386 1099 425 1156 sit
445 1099 525 1158 robis
537 1102 572 1159 de
585 1111 680 1160 nostra
701 1102 867 1160 auctoritate
877 1097 963 1156 iscul-

170 1200 226 1248 tas.

208 1281 384 1340 decernimus
397 1297 465 1353 ergo
480 1292 510 1340 ut
524 1283 587 1339 nulls
606 1285 719 1343 omnino
730 1287 869 1344 bominum
881 1290 961 1346 liceat

169 1369 312 1437 prsiatasn
335 1372 480 1429 ecclesiam
508 1383 611 1431 temere
639 1378 810 1446 perturbare,
838 1390 884 1436 aut
902 1379 962 1448 ojus

170 1463 361 1529 pmssessianes
379 1463 499 1533 solorre,
510 1465 552 1520 sel
565 1466 670 1524 ablatas
685 1468 812 1534 retinere,
827 1472 960 1536 nrintrere.

169 1569 219 1608 seu
254 1552 421 1622 quibuslibet
453 1557 644 1613 uexationibus
659 1557 846 1630 fatigare‚sed
869 1562 961 1616 omnis

170 1642 278 1714 integra
297 1657 496 1703 conserventur
510 1662 617 1712 eorum,
629 1662 679 1718 pro
696 1663 812 1720 qrsoruns
826 1653 961 1721 guberna·

1012 566 1089 623 papas
1105 551 1137 606 ttt
1151 563 1223 606 auno
1234 558 1323 606 sesto.

1181 638 1186 645 ’
1354 642 1449 716 thi

1049 733 1209 789 Plumbeum
1224 734 1344 801 staitton
1362 738 1497 808 appendet
1512 753 1545 795 es
1560 735 1613 794 iliis
1630 734 1725 792 serlels
1737 732 1800 792 dari

1013 842 1046 882 ae
1061 827 1136 883 rubri
1155 826 1267 884 eoloris.

1013 1032 1054 1086 st
1067 1032 1214 1100 cepitslutn
1230 940 1509 1106 ttmoisriffbs
1532 1033 1673 1090 residentia
1693 1032 1802 1087 sunsai-

1343 1138 1346 1145 -
1362 1118 1463 1157 coram.

1251 1194 1400 1266 (Laterani.
1414 1195 1495 1252 llari.
1515 1196 1571 1263 il.)

1191 1287 1299 1362 [littus.
1318 1288 1433 1355 conrii..
1448 1286 1533 1353 XXll.
1550 1285 1625 1359 tissi

1047 1378 1228 1436 Ctssssrtnus
1250 1379 1514 1449 episcopusservus
1532 1393 1675 1437 serrorum
1690 1378 1747 1439 bet.
1762 1379 1805 1434 ‹ll-

1012 1471 1091 1527 leetis
1106 1471 1168 1526 ditis
1191 1475 1295 1528 occario
1309 1481 1337 1527 et
1358 1471 1477 1542 capitulo
1492 1471 1671 1545 lingonensi,
1688 1469 1804 1527 salutent

1012 1573 1038 1617 et
1053 1563 1226 1633 apostolicam
1242 1562 1470 1619 benedictionem.

1048 1653 1115 1708 Com
1140 1669 1154 1707 a
1175 1652 1253 1708 nobis
1273 1654 1376 1723 petitur
1396 1655 1468 1724 quod
1491 1652 1592 1722 lustum
1604 1662 1646 1710 est
1667 1663 1696 1708 et
1722 1654 1806 1708 boue·

172 1740 248 1794 tione
262 1754 295 1795 ac
309 1743 507 1799 sustentatione
521 1758 652 1801 concessa
667 1756 742 1809 sunt,
758 1745 852 1801 usibus
873 1748 961 1804 orsini·
1013 1756 1097 1809 stain.
1114 1753 1168 1800 tam
1188 1746 1265 1817 rigor
1278 1746 1428 1818 uastitatis.
1443 1761 1525 1817 quant
1539 1745 1606 1800 ordo
1620 1744 1705 1816 eslgit
1717 1745 1806 1799 ratio·

171 1830 261 1887 modis
275 1832 428 1901 prolatura,
442 1833 517 1889 salta
535 1835 607 1891 sedis
624 1834 780 1905 apostolica
794 1838 959 1894 auctoritate
975 1814 998 1871 B
1013 1838 1067 1902 nis.
1080 1848 1108 1893 ut
1129 1839 1156 1894 id
1182 1854 1230 1908 per
1244 1838 1458 1895 sollicitudinem
1481 1836 1563 1895 olilcii
1579 1837 1665 1893 nostri
1683 1842 1717 1891 ad
1731 1836 1806 1890 alebi·

169 1932 198 1975 ct
213 1921 361 1977 dioecesani
373 1923 492 1993 episcopi
506 1925 639 1980 canonica
649 1926 767 1995 justitia.

208 2013 236 2066 Si
251 2028 304 2082 qna
321 2013 403 2082 tgitur
418 2014 592 2080 intimorum,
608 2025 663 2072 cte.
676 2018 787 2073 Cunctis
807 2027 897 2073 :tutem
920 2020 962 2075 sti⁴

168 2104 232 2157 drot
250 2105 318 2164 loco.
337 2111 390 2158 etc.

208 2196 264 2266 Ego
278 2197 450 2265 Coelestlnus,
461 2200 601 2256 catlsolicao
615 2200 741 2256 llos-lusia
755 2208 908 2274 episcopus.

207 2289 262 2358 Ego
277 2289 451 2356 Octavianus,
464 2290 598 2347 Ostiensis
620 2302 645 2346 ct
665 2292 838 2350 velletrensis
853 2299 961 2366 episco-

169 2397 231 2452 pits.

208 2472 264 2540 Ego
279 2468 387 2536 Petrus,
399 2470 559 2529 Portuettsis
574 2483 602 2528 ct
616 2471 722 2527 Sattctse
742 2475 848 2530 llulirtae
859 2477 964 2546 episco-

170 2575 233 2632 pus.

207 2653 265 2722 Ego
291 2652 379 2725 liugn,
401 2655 545 2726 presbytes·
567 2657 715 2713 cardinale
741 2656 770 2713 S.
786 2657 894 2714 liartittl
922 2659 963 2715 tit.

171 2744 289 2815 Equitii.

207 2839 264 2905 lieo
279 2835 416 2901 loannes.
434 2835 475 2892 tis
509 2836 539 2893 S.
556 2838 687 2910 Stephani
705 2843 732 2897 in
756 2840 843 2897 Coelio
874 2852 965 2899 moute

170 2933 262 3002 presit.
275 2929 432 2985 cardinalis.

215 3020 271 3090 Ego
285 3019 394 3084 Castis,
406 3019 450 3073 tit.
461 3018 490 3076 S.
504 3022 643 3078 laurentii
658 3024 684 3079 in
698 3023 801 3080 Lucina
816 3025 961 3094 presbyter

169 3112 318 3170 cardinatis

208 3206 265 3277 Ego
288 3206 439 3273 Sodredus.
454 3210 497 3265 tit.
523 3207 552 3263 S.
576 3206 708 3265 Prasedis
725 3209 818 3278 presb.
835 3206 965 3263 cardina·

170 3299 216 3356 lis.

210 3391 267 3463 Ego
280 3392 444 3461 Bernartius,
466 3393 560 3449 Sancti
581 3391 656 3449 Petri
682 3393 715 3449 ud
739 3394 850 3452 iinculs
873 3399 965 3467 presb.

170 3480 319 3536 carsiitndis
333 3482 376 3537 tit.
394 3482 536 3537 Eudoxias.

209 3570 266 3642 ligo
281 3570 386 3637 Petrus.
399 3571 441 3627 tit.
458 3569 489 3626 S.
500 3570 617 3627 Caecilia
632 3571 722 3642 presb.
735 3574 867 3631 cardinal.
911 3645 912 3649 Ἰ

210 3668 267 3736 lips
288 3666 435 3734 lordauus,
450 3665 559 3722 Sanctae
583 3665 760 3722 Pudentianro
783 3668 825 3724 tit.
841 3668 966 3727 Pretorio

172 3762 267 3834 presb.
286 3758 448 3814 cardinalis.

212 3847 269 3917 ugo
287 3846 420 3914 loannes,
445 3847 487 3904 tit.
503 3848 534 3904 S.
552 3848 699 3904 clementie
727 3849 860 3906 cardinal.
878 3849 964 3906 liter·

172 3942 264 3996 biens.
278 3950 305 3995 et
323 3939 465 3995 'irascantts
477 3940 631 4009 episcopus.

210 4033 267 4100 Epo
290 4033 389 4096 fluido,
414 4031 556 4101 presbyter
578 4030 725 4087 cardinalis
748 4032 856 4089 Sanctae
877 4031 968 4088 liarits

174 4126 375 4181 transtiberim
391 4124 434 4180 tlt.
451 4124 551 4180 calisti

210 4216 266 4285 ligo
294 4214 453 4276 Gratianus,
479 4213 641 4269 Sanctorum
674 4209 779 4265 Cusntae
801 4211 968 4267 etllautiani

173 4311 308 4365 diaconus
321 4307 397 4361 card.

210 4399 267 4468 Epo
290 4397 442 4461 Cerasias,
459 4398 552 4453 Sststcti
575 4397 689 4452 Adriani
720 4397 852 4453 diaconus
875 4397 967 4453 cardi·

171 4492 252 4545 stalis.

209 4579 268 4648 ligo
281 4577 425 4647 Georgius,
438 4576 468 4631 S.
483 4575 575 4631 llarint
587 4573 614 4631 in
627 4575 736 4632 Portieu
752 4576 886 4632 diaeonus
899 4592 963 4632 car·

171 4673 284 4728 distulis·

211 4765 269 4832 sao
283 4765 445 4835 Gregorius,
461 4761 570 4817 Sanctae
584 4759 676 4816 diarias·
690 4761 717 4815 in
737 4761 841 4830 bituito
856 4759 964 4815 diacon.

171 4862 248 4917 terti.

211 4951 268 5019 Ego
282 4948 443 5018 Gregorius.
460 4947 554 5003 Sancti
568 4945 677 5017 Georgii
695 4947 728 5000 ad
745 4944 836 4998 l'ulunt
852 4958 964 4999 aureunt

172 5046 285 5099 tliaeon.
301 5041 378 5095 canl.

211 5135 269 5203 Epo
280 5131 437 5193 Lotlnsrins.
452 5131 613 5186 Satrctorum
636 5132 724 5200 Sergii
739 5142 766 5186 ct
782 5131 879 5186 llrtcelti
894 5130 965 5185 diae.

172 5227 251 5283 eard.

211 5321 267 5387 Epo
283 5315 421 5376 Nicotaus.
433 5317 463 5370 S.
481 5315 572 5370 ilarius
585 5317 611 5370 in
624 5316 767 5373 eosmsdnt
780 5319 889 5375 diacon.
905 5331 969 5374 cnr·

173 5411 258 5465 sltnsl.

213 5501 269 5564 nro
286 5499 371 5561 llobo.
390 5497 486 5554 Sancti
502 5496 638 5553 'lirendori
662 5498 734 5554 diac.
750 5503 827 5555 card.

212 5592 309 5644 batusn
321 5589 460 5654 Laterani,
471 5606 519 5660 per
530 5604 639 5644 manunt
651 5591 739 5645 Contii
755 5591 863 5646 Sanctae
877 5590 969 5647 Lucicc

175 5683 203 5737 iu
216 5681 317 5737 0rtltca
333 5683 440 5738 diaconi
466 5680 625 5744 canlinnlis.
642 5681 734 5736 alumni
758 5697 834 5752 papas
846 5697 971 5741 catttera·

178 5774 223 5830 rii.
241 5773 310 5830 bon.
323 5773 425 5833 ilartii.
442 5773 591 5830 indictione
605 5789 651 5836 as.
664 5773 863 5832 incarnationis
876 5774 970 5831 bonsi-

1015 1938 1071 1984 tum
1086 1928 1253 1999 perducatur
1271 1927 1409 1986 odecttuu.
1426 1919 1587 2002 Eapropter‚
1602 1927 1693 1983 dilecti
1710 1928 1736 1982 in
1755 1927 1807 1981 llo-

1014 2021 1089 2074 ttsino
1117 2018 1175 2085 ttttt,
1192 2021 1290 2077 restris
1310 2021 1394 2089 iustis
1421 2021 1652 2091 postulationibus
1671 2019 1805 2084 inclinati,

1015 2108 1237 2166 institutionems
1251 2111 1329 2167 bunos
1343 2111 1480 2166 rsterrroriae
1495 2110 1527 2166 P.
1541 2112 1678 2180 qarotnlam
1692 2110 1804 2169 lusen-

1014 2199 1076 2257 lauo
1097 2201 1226 2272 episcopo
1246 2201 1274 2257 in
1299 2199 1421 2258 Ecclesia
1451 2199 1615 2272 lingonensi
1642 2200 1741 2257 lactant
1756 2240 1765 2263 .
1779 2209 1806 2255 et

1014 2306 1063 2361 per
1074 2291 1211 2361 delegatos
1223 2295 1394 2362 postmodum
1403 2291 1694 2361 iudiceslilaraerullis,
1703 2301 1730 2349 et
1738 2292 1809 2348 burr-

1015 2383 1104 2453 pitadi
1117 2384 1231 2438 abbates
1245 2383 1414 2446 itmotatatu.
1429 2393 1456 2438 et
1468 2383 1607 2440 communi
1622 2383 1745 2440 omnium
1759 2397 1807 2438 os·

1016 2473 1175 2528 noricorum
1197 2472 1355 2542 juramento
1371 2473 1523 2540 tlt-rnatum
1556 2474 1682 2531 videlicet
1699 2474 1809 2544 nequis

1016 2563 1292 2638 praebendaeiroctum
1306 2573 1452 2634 prnsurust
1462 2567 1596 2638 accipere,
1604 2566 1656 2620 nisi
1667 2566 1809 2622 ansssatitu

1015 2653 1134 2708 sedecim
1150 2653 1318 2723 septimanas
1339 2653 1365 2708 in
1379 2653 1499 2710 Ecclesia
1517 2669 1621 2710 ntorum
1635 2653 1731 2710 lecerit
1744 2670 1809 2711 ron·

1015 2745 1101 2808 tirsus,
1122 2743 1164 2800 sel
1186 2744 1391 2815 interpolatim;
1409 2745 1444 2800 its
1460 2745 1531 2817 quod
1548 2745 1593 2815 uni
1619 2745 1809 2818 principalium

1016 2836 1145 2892 bonarum
1160 2837 1286 2893 matutini
1300 2838 1341 2892 tol
1358 2834 1470 2905 majoris
1483 2838 1584 2906 misse,
1602 2838 1662 2894 site
1678 2850 1809 2908 uespera·

1018 2941 1076 2980 rum
1091 2925 1200 2982 intersit
1210 2924 1317 2991 oliici0;
1334 2926 1408 2981 salta
1423 2934 1513 2982 tamen
1524 2927 1654 2984 Ecclesia
1665 2936 1810 2983 oosssuets·

1017 3019 1081 3074 dine
1103 3015 1137 3074 de
1158 3015 1396 3082 sclsolaribus,rel
1421 3018 1625 3077 collateralibus
1649 3020 1770 3090 episcopi
1781 3022 1809 3076 et

1018 3109 1114 3166 decani
1126 3110 1160 3166 ad
1172 3110 1266 3167 sedern
1278 3109 1456 3178 apostolicam
1469 3111 1677 3178 accedentibus,
1691 3112 1809 3168 auctori·

1018 3213 1072 3259 tate
1081 3205 1232 3273 apostolica
1245 3204 1453 3268 confirmamus.
1462 3212 1490 3260 et
1501 3204 1642 3273 pratentis
1656 3205 1750 3274 scripti
1762 3219 1809 3275 pa·

1019 3296 1136 3353 troeioio
1145 3298 1541 3356 communimus.llcsernimns
1550 3311 1616 3369 ergo
1627 3305 1658 3353 ut
1668 3296 1745 3360 ntslli.
1755 3305 1808 3352 etc.

1051 3387 1147 3443 ilatum
1173 3389 1311 3462 Laterani,
1330 3408 1358 3450 tr
1378 3394 1440 3450 idus
1454 3390 1556 3458 Martii,
1571 3388 1747 3460 pontilicatus
1759 3401 1809 3443 uo·

1015 3479 1065 3534 stri
1080 3495 1152 3538 anno
1165 3493 1255 3540 sexto.

1378 3598 1452 3657 CCC.

1018 3701 1165 3770 Proposito
1194 3706 1448 3779 Brandsnlaraensi
1475 3727 1551 3766 asans
1578 3713 1676 3774 mitro.
1700 3711 1804 3771 numdi,

1056 3773 1261 3840 chirotecarum.
1277 3780 1460 3835 sandaliarum
1481 3781 1612 3841 concedit.
1638 3787 1742 3846 petente
1762 3777 1808 3835 Si·

1048 3843 1119 3911 [rido
1131 3847 1226 3900 consite
1236 3846 1422 3903 crematum
1433 3849 1690 3920 lirundenlttrpensi.

1247 3955 1398 4027 (Laterani,
1421 3957 1502 4015 biart.
1520 3958 1577 4031 ld.)

1019 4047 1146 4120 [[ιιιιιει,
1157 4046 1248 4104 Cocles
1268 4050 1454 4119 diplomaticus
1469 4050 1740 4124 Brendenittraetssis‚
1754 4061 1773 4109 t.
1787 4053 1797 4108 l

1281 4134 1345 4187 pars
1357 4134 1415 4186 tttt,
1428 4134 1454 4190 p.
1469 4118 1545 4192 tte]

1053 4210 1234 4266 Coesssrtttot
1248 4212 1405 4282 episcopus,
1420 4226 1518 4268 sertus
1540 4227 1680 4270 sertorum
1696 4214 1754 4279 net,
1766 4214 1809 4270 di·

1019 4302 1090 4357 lecto
1112 4301 1178 4370 idio,
1194 4302 1339 4372 praeposito
1360 4303 1393 4358 de
1422 4303 1611 4369 brandeburc,
1643 4303 1810 4361 salutemet
1860 4338 1865 4352 ·

1020 4391 1201 4462 apostolicam
1217 4391 1450 4450 benedictionem.

984 4500 1006 4555 υ
1057 4481 1809 4552 Licetsentenserbidisiniaquocunqueprolatumpre·

1016 4576 1114 4631 tiosum
1125 4575 1234 4638 existat.
1248 4589 1297 4630 uec
1306 4590 1360 4643 ntro
1369 4574 1460 4629 babitu
1471 4573 1633 4644 praedicator
1645 4582 1749 4639 utatur,
1761 4574 1809 4629 setl

1014 4667 1079 4735 qtrid
1097 4669 1237 4736 praedicct,
1247 4667 1282 4721 sit
1299 4663 1809 4734 potiusattendendumouiatamenin

1015 4758 1099 4812 oculis
1112 4758 1251 4811 trontinum
1264 4764 1375 4812 ornatus
1387 4756 1535 4812 attenditur
1545 4754 1661 4812 restium
1672 4761 1810 4811 etsermo·

1017 4846 1808 4919 nuans,institutasuntinlleiEcciesisinsipuisdignitatum

1016 4942 1114 5012 ‹pribus
1130 4941 1156 4995 in
1177 4940 1224 4995 liei
1239 4940 1335 4996 olllciis
1358 4949 1386 4995 et
1410 4938 1485 4995 serbi
1514 4940 1710 5011 propagatione
1723 4938 1806 4995 ditinl

1018 5033 1055 5086 illi
1085 5040 1188 5087 tutttuut
1220 5041 1343 5095 utantur.
1364 5030 1465 5101 astibus
1493 5030 1527 5084 de
1551 5027 1699 5099 apostoliea
1725 5027 1808 5082 inerit

1018 5122 1184 5191 benignitate
1198 5121 1344 5177 indultum.
1358 5121 1518 5189 Eapmpter‚
1534 5117 1633 5175 dilecte
1646 5118 1673 5174 in
1693 5116 1810 5172 lionslno

1018 5216 1067 5284 illi,
1082 5219 1135 5275 tuis
1159 5215 1390 5289 postulationibus
1409 5222 1571 5278 astruentes,
1590 5211 1637 5284 qui
1663 5211 1689 5267 in
1718 5208 1810 5265 medio

1019 5311 1137 5366 nationis
1151 5322 1240 5378 prosse
1251 5317 1278 5362 ct
1290 5319 1434 5376 perversae,
1454 5302 1560 5360 scilicet
1585 5303 1655 5358 inter
1671 5298 1770 5356 Slaros
1783 5306 1810 5354 et

1020 5403 1146 5459 luisnicos
1160 5400 1307 5456 Christiani
1333 5398 1454 5454 nominis
1478 5395 1657 5461 constitutus,
1674 5390 1809 5461 aliquibus

1018 5495 1141 5564 postulas
1170 5493 1294 5561 insigniis
1316 5491 1500 5554 decorarint
1524 5486 1658 5542 doctrinae
1682 5481 1808 5554 pabulum

1020 5589 1148 5642 saltuosis
1173 5597 1199 5641 et
1220 5586 1333 5639 verboru
1360 5582 1434 5647 lldei,
1459 5581 1531 5651 quod
1561 5594 1656 5635 eornm
1681 5572 1809 5632 cordibus

1021 5679 1127 5734 assidua
1142 5673 1334 5748 praedicatione
1348 5672 1480 5737 ittiundis.
1495 5672 1530 5725 ab
1546 5669 1586 5725 cis
1608 5676 1681 5723 tanto
1702 5665 1809 5736 gratius

1022 5783 1049 5830 st
1065 5772 1169 5828 lucilius
1186 5766 1361 5832 adussittstur,
1375 5773 1481 5834 quanto
1504 5761 1627 5830 pluribus
1649 5769 1675 5816 to
1691 5749 1810 5818 uiderint
