3960 6314
185 336 238 392 ³¹7
616 338 796 401 conuerti.
818 339 853 396 ΙΝ
867 336 1016 397 cultrice
1031 334 1204 394 cellim-
1218 336 1280 393 etit.
1297 333 1327 392 V.
1768 336 1822 394 318

184 448 264 515 iiiia,
296 449 379 505 doure
406 450 504 521 espalret
533 451 589 508 dies
620 464 645 510 et
672 454 835 512 inclinemur
868 445 1018 513 suited
1067 450 1131 506 'l'ria
1152 449 1287 506 suntlilia
1304 467 1311 502 ε
1331 447 1445 505 castitas
1464 445 1629 517 conjugalis,
1650 449 1821 506 coartiuentia

222 538 319 614 [Tum]
330 541 413 607 erasi
426 542 529 600 diceret
545 561 552 599 :
567 544 662 603 biieetl
679 546 732 602 mei
751 548 899 603 amicitiam
910 561 978 604 eorr-
1028 543 1156 606 rideatis.
1175 541 1321 611 integritas
1344 540 1496 610 virginalis.
1514 536 1603 595 Prima
1619 550 1663 595 est
1680 553 1819 608 excusata,

185 640 294 686 stanter
313 642 404 698 teneo,
429 634 493 703 quia
518 635 577 705 eius
606 636 825 694 benevolentiam
848 653 912 709 erga
933 654 977 694 rue
1026 636 1146 691 secunda
1160 634 1300 699 mundata,
1327 633 1411 689 tertia
1437 635 1543 715 innata.
1559 633 1695 689 Excussit
1714 646 1820 702 persa·

186 732 359 780 constantem
375 728 476 793 sentio,
491 737 520 782 et
536 729 563 783 in
589 728 649 800 ejus
660 729 846 786 familiaritate
857 730 921 801 quid
935 731 976 785 ia·
1029 735 1198 781 aramentum
1210 739 1259 797 spe
1271 725 1355 794 prolis
1367 733 1394 782 et
1406 725 1470 789 tbte,
1487 727 1605 782 meantia
1620 725 1749 780 rnurrdma
1773 741 1822 794 per

184 816 241 869 eiat
256 816 355 871 ceretio.
370 813 437 872 uam
458 819 578 888 pascitur
600 821 820 877 intermitatur
844 822 898 877 iiiia
915 825 971 879 aui·
1027 827 1204 887 expertorum
1231 818 1444 883 abdicationem,
1461 817 1543 871 tertia
1565 817 1657 871 irritata
1684 816 1719 870 ad
1737 829 1822 884 ange·

186 919 236 959 mae
261 904 464 975 significantur,
489 921 550 976 qua
576 909 639 965 dum
668 911 804 968 castitatis
830 913 975 969 eandorem
1027 907 1436 978 ticepartiarteimuauoaem.
1452 907 1544 963 i’riroo
1565 906 1687 974 pascitur
1703 918 1820 974 sponsos

185 992 306 1053 retinent
326 1013 376 1068 per
400 1001 479 1056 bonae
493 999 572 1057 lamro
591 1004 746 1075 opinionem
766 1005 899 1075 proximis
914 1021 977 1060 sua-
1028 1000 1132 1066 iructn,
1150 1000 1177 1055 id
1193 1008 1237 1055 est
1249 999 1310 1061 brie,
1331 1014 1379 1068 spe
1393 998 1489 1068 prolis,
1506 1003 1690 1058 sacramento,
1706 1001 1735 1049 et
1754 993 1818 1063 guia

185 1087 256 1143 riter
277 1088 362 1148 olent.
382 1091 429 1148 Sic
447 1090 529 1162 igitur
542 1095 614 1149 iuter
627 1094 683 1150 iilia
696 1097 829 1166 pascitur.
846 1097 892 1168 qm
917 1098 977 1152 arri.
1027 1089 1166 1146 abstinent
1177 1104 1198 1144 ‘a
1211 1088 1399 1160 complexibus
1414 1088 1542 1152 iminitis;
1557 1085 1678 1142 serundo
1697 1084 1819 1156 pascitur

184 1192 293 1234 marom
318 1181 444 1236 castitate
458 1181 619 1240 delectatur.
633 1184 696 1240 bles
710 1201 776 1242 vero
794 1196 858 1244 mne
871 1190 977 1259 aspira.
1028 1179 1168 1236 bilaritate
1186 1180 1213 1236 in
1225 1234 1228 1238 Δ
1240 1179 1421 1250 adimplendis
1441 1179 1599 1249 spontaneis
1618 1179 1699 1233 rotis.
1723 1174 1820 1232 'lertio

183 1272 235 1340 bit,
249 1283 278 1331 et
293 1274 397 1332 unabrae
419 1277 633 1344 inclinabuntur,
654 1279 781 1350 quoniam
800 1279 854 1334 rita
873 1288 976 1334 aeterna
1027 1271 1243 1343 pasciturodore
1260 1267 1390 1337 angelica
1405 1265 1594 1337 puritatis.llel
1610 1266 1636 1320 in
1652 1265 1746 1321 eodem
1758 1263 1819 1321 lilio

183 1364 340 1433 apparebit,
365 1374 393 1420 et
419 1381 538 1436 presens
562 1367 681 1423 linietur.
706 1367 755 1422 liic
782 1375 848 1422 sunt
872 1367 977 1423 niribrte
1028 1369 1057 1416 at
1074 1360 1111 1416 sit
1122 1359 1235 1415 castitas
1251 1356 1415 1426 conjugalis,
1437 1356 1464 1408 iu
1480 1356 1582 1424 pallore
1591 1356 1818 1411 radicisssonti·

184 1453 286 1519 unctis,
298 1467 359 1522 qtrae
383 1454 419 1508 ibi
437 1454 651 1522 inclinabuntur,
668 1458 694 1513 id
718 1465 760 1512 est
778 1456 917 1511 deiicient.
934 1457 975 1512 bd
1027 1453 1121 1508 atentia
1136 1452 1262 1515 rideatis,
1279 1451 1306 1505 in
1331 1449 1422 1503 rirore
1440 1447 1554 1517 stipitis.
1572 1447 1717 1518 integritas
1732 1445 1818 1514 virgi·

183 1543 256 1610 qnod
271 1542 443 1612 suspirantes
458 1543 555 1597 anime
569 1542 688 1598 claimant
701 1562 708 1599 :
723 1543 872 1600 iieeerrere.
885 1546 977 1615 Spon-
1027 1545 1108 1613 nalie,
1125 1546 1152 1599 in
1168 1542 1288 1599 caudore
1308 1540 1393 1595 iioris.
1412 1539 1496 1594 Primi
1513 1539 1541 1593 in
1564 1540 1817 1607 rudimentumque

182 1647 229 1688 stas
239 1632 340 1688 dicitnr
351 1635 425 1704 pasci
436 1635 507 1689 inter
518 1634 572 1690 lilia
584 1635 856 1706 propterreritatem,
866 1646 978 1691 eimau·
1026 1649 1068 1695 est
1084 1638 1112 1691 iu
1130 1645 1213 1699 terra,
1240 1636 1304 1703 quia
1320 1632 1412 1687 debito
1426 1630 1530 1687 carnali
1544 1639 1608 1685 suut
1624 1629 1737 1686 iuricem
1748 1631 1816 1686 obii·

181 1722 366 1790 suetudinem,
378 1722 558 1792 etlustitiam,
570 1724 643 1795 qnod
658 1737 707 1794 per
720 1738 783 1778 eum
798 1723 903 1778 scilieet
915 1738 976 1792 pro·
1027 1728 1092 1799 gari.
1107 1725 1201 1780 lidum
1222 1724 1249 1778 in
1263 1724 1324 1790 stipi
1331 1732 1368 1784 te,
1382 1723 1408 1775 in
1423 1736 1475 1774 urm
1492 1728 1569 1790 parte
1592 1721 1696 1774 luerent
1718 1719 1814 1784 radici,

181 1811 328 1868 missiones
338 1812 491 1883 adimplebe
508 1815 661 1884 sunt,rpuud
674 1813 831 1882 iniquitates
840 1814 974 1878 renuisse,
1027 1819 1089 1888 quia
1115 1831 1177 1871 eum
1198 1814 1295 1883 primis
1319 1812 1371 1867 boe
1391 1810 1493 1865 babent
1507 1823 1651 1864 continuone
1665 1808 1738 1879 rpitod
1764 1809 1815 1864 ali·

180 1902 254 1970 qnod
277 1899 385 1971 superbi
405 1902 541 1957 daemones
562 1902 676 1973 judicati
705 1912 779 1958 sant.
808 1903 882 1958 Talis
908 1918 974 1972 ergo
1025 1904 1259 1979 quandoluorunt
1279 1902 1390 1957 obnoxii
1408 1900 1589 1970 corruptioni.
1608 1899 1645 1954 iia
1663 1900 1715 1954 alia
1738 1910 1816 1969 parte

182 1991 322 2061 apparuit,
335 1992 381 2062 qui
394 1992 492 2047 merito
512 2002 659 2048 amaretur.
679 1994 763 2049 veras
778 2008 879 2064 perse,
899 1995 974 2050 mitis
1024 1998 1084 2052 dori
1101 1995 1378 2066 propinquaremus
1403 1994 1525 2062 aspirant
1547 1993 1711 2062 virginitati.
1727 1991 1815 2062 Virgi-

180 2095 229 2148 pro
245 2082 414 2150 bominibus,
434 2086 524 2154 justus
539 2098 589 2154 pro
609 2085 773 2141 lroutiuibus.
797 2085 882 2142 Debet
908 2104 973 2157 ergo
1026 2107 1075 2148 nes
1088 2094 1188 2146 saratin
1208 2090 1286 2153 liure,
1301 2091 1363 2157 tpuia
1386 2087 1488 2143 babent
1511 2087 1631 2143 candore
1653 2087 1813 2154 puritatem,

179 2171 308 2236 utralibet
323 2174 413 2229 arrium
436 2189 466 2230 se
482 2177 651 2232 curarruittcre
677 2184 732 2230 tam
750 2177 803 2232 lldo
829 2178 971 2246 redditori,
1023 2184 1106 2239 odore
1119 2184 1217 2236 bonam
1230 2181 1398 2248 opinionem,
1417 2178 1516 2232 inauri
1531 2176 1623 2232 colore
1637 2175 1752 2230 interius
1767 2174 1813 2230 net

179 2271 234 2315 tana
258 2263 305 2330 pio
320 2262 461 2331 indultori,
488 2273 541 2320 tatu
562 2266 638 2337 justo
665 2271 870 2339 propugnatori.
900 2271 971 2327 nudi
1023 2273 1210 2330 dilectionem.
1229 2268 1353 2323 Primum
1374 2267 1459 2321 lilium
1478 2265 1619 2321 acluristo
1636 2265 1814 2320 contruenda-

177 2349 232 2407 iiiia
249 2370 256 2406 :
274 2354 390 2424 Propter
402 2358 555 2421 rer-itatem,
570 2366 598 2412 et
615 2361 864 2428 nransuotmiiuem,
882 2370 909 2417 et
925 2361 971 2430 ju·
1024 2375 1070 2419 tur
1083 2359 1229 2425 miraculo,
1239 2355 1389 2414 secuudum
1402 2355 1523 2419 oraculo,
1537 2355 1646 2409 tertium
1662 2355 1813 2424 signaculo.

177 2437 304 2505 ‘filimi
323 2441 378 2494 iiiia
395 2442 502 2498 scilieet
526 2453 585 2498 orta
600 2446 634 2501 de
659 2455 730 2501 terra
759 2448 874 2502 nitentia
890 2464 972 2518 stipor
1022 2457 1144 2512 Prirrrum
1160 2454 1235 2510 iacto
1252 2451 1383 2508 miraculo
1395 2451 1504 2520 quando
1515 2449 1542 2503 iu
1554 2448 1629 2504 Cana
1643 2448 1763 2504 Galilaeae
1779 2449 1814 2503 ad

179 2535 293 2592 terram,
307 2530 456 2585 euriueutia
473 2531 501 2586 iu
517 2532 628 2589 iloribus
645 2544 736 2599 terra,
752 2535 901 2606 fragrantia
925 2554 971 2593 su·
1022 2547 1132 2616 perpetes
1145 2553 1187 2601 est
1199 2552 1328 2606 suenum
1346 2539 1815 2609 securadumquaudopraesentatus

178 2629 228 2686 per
255 2615 369 2673 odorem
394 2631 556 2678 aromatum.
581 2625 654 2680 Bene
669 2626 870 2684 iiiinurreritas
894 2631 972 2698 cnjrrs
1024 2632 1170 2704 intemplo
1193 2648 1209 2686 a
1232 2645 1298 2686 seue
1315 2628 1458 2693 Sitneone,
1472 2636 1500 2683 et
1514 2627 1595 2681 ridna
1617 2628 1696 2681 Anarta
1721 2628 1754 2679 de
1779 2638 1814 2679 eo

175 2706 245 2761 odor
259 2707 366 2763 animat
382 2711 472 2778 iidem,
484 2714 612 2783 splendor
626 2715 761 2772 ittmmnu
787 2719 968 2775 intellectum.
1024 2725 1105 2779 dante
1118 2720 1260 2779 oraculum
1273 2730 1314 2776 est
1326 2728 1480 2789 susceptus.
1498 2717 1622 2773 Tertium
1641 2716 1751 2786 ‹puarrdo
1764 2731 1814 2770 na·

176 2799 223 2854 Est
239 2809 268 2856 et
282 2805 465 2860 mansumndo
486 2806 582 2874 lilium,
596 2820 707 2879 propter
719 2812 882 2868 innocentie
902 2828 970 2868 carr·
1021 2824 1116 2872 scente
1133 2814 1244 2870 cbristo
1258 2826 1306 2883 per
1319 2826 1381 2867 eum
1396 2811 1484 2881 pudor
1498 2810 1594 2867 raratris
1613 2818 1653 2866 est
1666 2807 1811 2880 sigillatus.

175 2891 268 2945 durem
282 2902 310 2946 ei
320 2894 431 2948 oriorem
445 2895 518 2964 spei3
531 2906 573 2952 esi
584 2899 724 2968 etjustltia
738 2900 824 2954 titium
838 2917 845 2954 :
857 2919 866 2952 r
878 2899 971 2958 latins
1021 2908 1050 2963 itt
1065 2908 1106 2962 bie
1119 2907 1249 2976 pascitur,
1260 2905 1343 2958 donee
1365 2903 1461 2970 aspiret
1478 2903 1546 2957 «tier.

175 2980 223 3041 ait.
247 2981 412 3049 germinabit
428 2987 497 3039 sient
517 2988 603 3042 lilium
617 2990 651 3044 ⁸⁸,
671 3009 682 3043 a
700 2989 768 3044 bilia
789 2990 891 3046 cbristt
906 3003 970 3047 snat
1057 2996 1126 3052 'ires
1139 2998 1272 3052 anrrtdies
1287 3012 1294 3049 :
1308 2995 1411 3065 primus
1426 3001 1469 3048 est
1491 2991 1657 3061 temporalis,
1673 2992 1811 3048 secundus

176 3072 333 3141 ωϋῡθνῑῑθ,
356 3086 443 3138 vilda.
471 3079 656 3144 corrrorsatiu,
676 3080 795 3151 ciminia.
824 3081 967 3150 tilliacum.
982 3094 1004 3152 c
1020 3087 1183 3158 spiritualis,
1198 3088 1299 3143 tertius
1325 3085 1454 3141 cmiestis.
1479 3081 1586 3138 Primus
1608 3091 1651 3138 est
1673 3082 1752 3137 nobis
1776 3081 1812 3137 ad

174 3171 362 3226 ”emmelina
390 3165 491 3233 bettio.
516 3184 601 3233 mors.
628 3174 806 3238 resurrectio,
830 3175 966 3231 ascensio.
1018 3181 1218 3245 calamitatem,
1231 3177 1368 3233 securtdus
1386 3176 1420 3230 ad
1437 3174 1645 3244 indulgentiam,
1659 3172 1755 3227 turtius
1776 3175 1811 3227 ad

171 3249 270 3307 Oratim
297 3255 454 3310 candidavit
481 3259 638 3332 incorrupta
670 3263 813 3334 uirginitas
845 3267 966 3332 rrrartris,
1017 3270 1228 3326 beirisiouem.
1247 3266 1368 3322 Primum
1384 3266 1527 3322 maledixit
1546 3263 1664 3320 tonate·
1690 3263 1814 3319 «aerest

172 3344 411 3400 conversationem
437 3348 593 3406 innocentia
623 3355 696 3421 ritae,
720 3356 827 3426 eloquia
850 3359 962 3422 raritas,
1017 3364 1075 3420 dios
1087 3364 1113 3418 in
1129 3377 1183 3433 qua
1195 3370 1347 3417 natussum
1364 3359 1387 3392 ‘⁸
1398 3375 1422 3424 3»
1440 3360 1473 3414 de
1489 3359 1609 3414 seeuirdo
1624 3375 1657 3412 :e
1676 3357 1740 3413 iiies
1758 3357 1812 3412 «liei

175 3436 309 3490 miracula
330 3440 436 3508 penitas
460 3441 560 3507 cordis,
578 3456 748 3500 sacramenta
769 3447 966 3514 pietatisarea·
1016 3465 1125 3513 eruerat
1152 3454 1264 3511 verbum
1282 3454 1340 3518 ”m
1358 3453 1392 3508 de
1416 3451 1521 3507 tertio:
1540 3470 1549 3502 ι
1568 3450 1601 3507 Et
1616 3452 1731 3506 tbroaus
1752 3447 1812 3517 eius

172 3536 248 3582 Μ·
264 3525 421 3592 P²⁸⁵¹⁰¹¹⁰¹¹¹
436 3530 555 3597 patiendi
583 3533 720 3600 limum·
743 3546 856 3592 ¹¹l⁰¹l⁰¹1¹
882 3538 966 3594 liber-
1018 3547 1089 3603 sietu
1103 3543 1236 3600 dieseoeii
1255 3542 1289 3597 ¹¹.
1311 3561 1321 3594 a
1342 3542 1451 3597 Primus
1466 3549 1509 3596 est
1528 3541 1703 3610 conspirans,
1719 3538 1811 3608 exspi-

171 3623 214 3668 tas
224 3630 279 3669 nou
291 3617 437 3685 moriendi,
453 3625 678 3677 resurrectionem
688 3628 811 3698 martyrii
824 3628 965 3696 lortitudo,
1018 3652 1093 3700 raus,
1102 3634 1156 3705 03
1164 3632 1318 3701 suspirans.
1327 3631 1495 3700 conspirans
1504 3645 1618 3701 paeccaro
1625 3627 1810 3691 deliberando,

170 3704 363 3760 ascensionem
387 3709 521 3765 eabibitio
551 3715 759 3782 promissurum.
786 3719 815 3772 lu
848 3720 890 3776 bis
912 3724 965 3778 tria
1017 3731 1161 3797 exspirans
1177 3723 1360 3778 deliberatum
1383 3721 1580 3792 perpetrando,
1596 3719 1740 3788 strepirans
1752 3732 1812 3786 per·

169 3803 235 3850 sont
248 3795 306 3851 iilia
322 3812 382 3865 epure
397 3811 566 3870 nuaopurtut
581 3805 701 3862 babere:
716 3807 882 3875 introeuntia,
898 3827 965 3867 cuu-
1016 3827 1155 3889 perrarum
1180 3814 1308 3884 lugendo.
1332 3812 1477 3866 Secundus
1501 3810 1562 3866 dios
1589 3816 1633 3864 est
1662 3807 1809 3876 inspirans,

170 3885 300 3951 ῑῑΰθΰῑῑΰι
325 3887 466 3955 Ρίῑῑθῑῑῑῑὲ·
492 3893 587 3960 liidie
616 3895 639 3947 δί
661 3896 765 3951 ’murrii
791 3898 836 3954 ille
860 3911 966 3957 ornator
1015 3909 1139 3964 coelestia
1153 3903 1501 3974 intelligendorrespiraus
1520 3903 1547 3956 in
1571 3900 1612 3956 eis
1631 3897 1808 3964 delectando;

171 3975 294 4032 'illirium
309 3986 339 4030 ¹¹²
355 3980 429 4046 apud
453 3993 502 4034 ¹¹⁰⁸
518 3980 601 4035 iaciat
616 3985 729 4051 pascba.
743 3985 772 4038 lu
799 3989 887 4056 prium
913 3991 966 4044 crit
1018 3999 1116 4054 tertius
1140 3998 1193 4052 erit
1220 3997 1358 4066 aspirans,
1379 3994 1462 4048 muru
1478 3991 1606 4047 ridendo.
1627 3988 1656 4044 lu
1675 3975 1810 4045 iil'uiucii·

171 4068 275 4139 inclyta
294 4067 339 4122 itta
355 4070 486 4136 suavitas,
501 4069 528 4125 in
545 4072 668 4127 secutrdu
680 4075 817 4130 odorifera
834 4077 965 4144 jucundi·
1016 4088 1153 4143 ..abutum
1170 4089 1284 4142 umbem,

170 4166 223 4224 tas,
242 4159 270 4212 iu
297 4158 381 4213 tertio
398 4174 496 4229 magua
520 4161 663 4217 securitas.
679 4161 794 4218 Noxest
816 4183 824 4218 ε
847 4167 965 4222 diescet
1049 4175 1116 4230 Tres
1138 4186 1203 4231 guerr
1224 4173 1457 4241 uiarbrerprima
1473 4171 1563 4224 lucent
1590 4176 1807 4237 temperat,se·

170 4249 305 4304 ⁰⁰¹¹¹5l¹l¹⁸
315 4249 349 4315 “i
363 4250 422 4306 divi
432 4252 535 4306 scilieet
550 4253 688 4309 illustrans
699 4264 726 4309 et
734 4255 841 4325 spirans
853 4260 897 4327 qui
909 4259 964 4326 spi·
1016 4264 1105 4318 euuda
1116 4273 1210 4317 aestum
1225 4263 1342 4330 mitigat,
1359 4261 1439 4314 tertia
1460 4260 1547 4312 irreem
1562 4259 1704 4314 obscurae
1717 4254 1808 4310 l’rima

170 4342 224 4394 nto
247 4339 306 4395 oris
320 4340 362 4394 sui
391 4339 467 4411 iugat
495 4345 616 4399 rrrrrbras.
640 4344 756 4402 Umbras
780 4346 905 4402 inclinari
921 4359 963 4403 cst
1017 4354 1046 4408 lit
1060 4355 1267 4422 interpositione
1285 4351 1375 4415 nubis,
1396 4344 1809 4418 secundaobjectioueaiicujus

170 4431 334 4486 imitatam.
368 4430 404 4487 Et
431 4435 542 4487 rarrrbras
575 4433 643 4491 dicit
673 4437 817 4508 mrrigmata
846 4432 1151 4514 scriptu-Deorporis,
1176 4443 1256 4499 tertia
1273 4443 1300 4498 in
1320 4454 1434 4510 uespere
1456 4456 1558 4495 occasu
1582 4440 1660 4494 solis.
1676 4436 1767 4491 Prima
1780 4437 1808 4490 iu

170 4538 277 4586 rarurrr,
295 4532 324 4578 et
338 4525 536 4595 pbilosupiriam
548 4536 574 4581 et
589 4530 751 4596 sophisticas
764 4531 960 4596 cauillatiorres.
1015 4537 1119 4593 Christi
1148 4538 1310 4598 nativitate,
1330 4533 1450 4589 sectanda
1470 4535 1497 4585 iu
1514 4531 1652 4599 passione,
1673 4527 1754 4583 tertia
1773 4543 1808 4583 cr

169 4626 197 4670 et
217 4614 352 4683 implicita
377 4627 599 4686 argumentnrmn
626 4636 686 4687 rprraa
701 4623 856 4676 cessabunt.
870 4625 898 4677 iu
913 4643 962 4678 an·
1015 4637 1115 4683 uostrae
1131 4627 1247 4681 irriseris:
1259 4624 1467 4695 iniquietatione.
1481 4621 1534 4675 Nec·
1545 4623 1618 4676 euim
1633 4621 1712 4675 beata
1725 4619 1807 4690 Virgo

169 4709 239 4776 geiis
252 4716 297 4762 est
311 4706 371 4763 dics
392 4707 511 4775 spiratis,
535 4708 646 4763 claritas
672 4722 782 4765 aeterua.
809 4710 837 4766 lu
866 4715 961 4783 primis
1015 4721 1121 4790 pondus
1134 4717 1290 4773 birtuiratts
1301 4725 1394 4788 posset
1408 4715 1555 4777 sustinere,
1585 4711 1807 4766 rrecnoslnteili·

170 4796 333 4865 pareatibus
354 4795 406 4850 biit
431 4799 569 4865 inspirans
593 4817 600 4851 :
620 4818 629 4851 e
646 4799 791 4870 inspirarit
811 4804 838 4857 iu
862 4803 958 4858 iaciem
1011 4826 1086 4882 gere,
1098 4809 1149 4866 uisi
1162 4811 1249 4881 prirua
1263 4810 1358 4864 umbra
1369 4814 1549 4877 temperante,
1566 4802 1744 4857 undedicitnr
1758 4801 1804 4856 el:

170 4891 231 4961 ejus
256 4887 424 4957 spiraculum
445 4889 508 4942 ritas·
527 4888 561 4942 ⁸¹.
580 4907 590 4940 i
606 4890 782 4946 Postmodum
807 4893 896 4950 iaetus
919 4905 961 4950 cst
1016 4922 1025 4955 ι
1043 4903 1135 4958 Virtus
1147 4902 1279 4956 altissimi
1295 4897 1470 4955 obumbrabit
1486 4896 1536 4950 tibi
1548 4895 1582 4958 ⁷¹,
1600 4903 1652 4948 ret
1668 4892 1729 4953 boe,
1745 4906 1806 4947 ear·

169 4980 348 5050 0⁰⁰⁵Pl¹²¹¹⁵v
375 4990 439 5052 (lull
465 4986 691 5055 ⁰0¹¹⁸ilii³lflil¹¹¹l
727 4986 808 5040 Simul
836 5003 959 5059 serpens.
1013 4996 1055 5051 nis
1068 4994 1170 5050 Christi
1185 4993 1347 5063 interposita
1363 4975 1447 5054 nube,
1460 4988 1532 5041 uude
1547 4985 1665 5041 dicitur:
1680 4986 1804 5037 simen-

170 5071 240 5137 ΕΝ,
263 5071 352 5127 edam
365 5073 400 5131 ⁸⁸·
413 5073 516 5132 Deinde
538 5078 627 5131 livill*
652 5088 694 5132 0⁵¹
717 5079 872 5146 libidini.
896 5081 960 5150 quia
1012 5088 1059 5143 dot
1081 5086 1212 5139 Dominus
1229 5098 1313 5154 snper
1341 5082 1439 5137 nubem
1462 5081 1560 5141 ierem,
1582 5082 1610 5130 et
1637 5073 1805 5142 ingredietur

170 5165 229 5234 eiam
245 5167 375 5237 splendor
386 5168 509 5234 evanuit,
523 5178 550 5225 et
571 5185 621 5226 nos
635 5172 742 5226 abunde
763 5173 832 5243 rrrpri
850 5173 901 5228 luit
914 5189 961 5228 ne-
1012 5176 1160 5246 AEgyptmu
1173 5176 1206 5240 ¹¹,
1225 5194 1235 5228 r
1260 5187 1288 5232 er
1309 5174 1432 5230 ioannes
1450 5190 1457 5226 ι
1473 5188 1483 5220 r
1500 5169 1560 5224 viat
1584 5165 1685 5221 nubem
1711 5161 1804 5216 caudi·

169 5273 263 5322 cesse,
280 5257 344 5315 inde
361 5261 491 5330 usquead
507 5262 649 5317 Christum
664 5263 752 5319 iaetus
763 5274 805 5317 est
820 5266 958 5330 supirans,
1012 5268 1087 5332 dato,
1098 5276 1127 5321 et
1144 5280 1227 5335 snper
1239 5267 1339 5322 nubem
1351 5264 1450 5319 Filium
1467 5259 1587 5315 bominis
1601 5258 1739 5312 sedentem
1750 5251 1800 5304 ⁷⁸.»

171 5370 185 5408 a
204 5340 320 5408 clariaco
334 5368 400 5409 aero
414 5354 505 5412 iactus
517 5365 560 5414 est
578 5358 727 5427 respirans,
747 5367 806 5428 post
825 5359 957 5430 judicium
1013 5359 1078 5414 bena
1093 5375 1101 5412 a
1119 5371 1169 5412 nec
1187 5358 1368 5412 tentadonum
1388 5360 1483 5416 utne,
1503 5364 1554 5404 uec
1577 5345 1676 5402 diaboli
1699 5342 1803 5398 mactu-

171 5453 239 5503 ¹⁶f⁰
252 5453 314 5501 “³⁸
329 5445 467 5518 “illim-
1011 5465 1141 5513 nements
1161 5465 1306 5525 possemus
1330 5449 1479 5514 sustinere,
1493 5445 1546 5500 nisi
1573 5435 1691 5497 meantia
1707 5435 1801 5490 urubra

204 5654 228 5684 ⁶⁸
247 5651 372 5708 (lamii.
411 5653 434 5683 ⁸⁶
461 5650 515 5705 Jrr.
547 5651 591 5706 ld.
632 5656 736 5715 ‘'Gen.
767 5659 794 5711 Ξ.
850 5656 985 5714 reema.
1032 5660 1054 5695 ‘i
1070 5663 1120 5730 101,
1137 5662 1163 5719 5.
1209 5656 1232 5687 ¹·
1263 5651 1336 5708 i'sai.
1364 5652 1407 5706 lb'·
1457 5646 1477 5679 '⁸
1504 5644 1575 5700 reat.
1605 5596 1648 5699 aa.
1686 5641 1708 5672 ¹¹
1735 5634 1803 5695 bue.

172 5724 196 5778 l.
233 5723 264 5752 '⁴'
279 5726 332 5777 isa.
354 5724 395 5777 itt.
434 5723 455 5752 ⁷·
471 5723 555 5790 alp-uc.
571 5723 614 5782 ll·
