3960 6314
290 345 356 404 list

929 338 1124 400 emissum
1143 339 1177 396 ili
1193 338 1294 398 PAPAE

1860 340 1926 403 itai

290 461 428 530 piscopnm
445 460 679 532 contingentibus,
699 457 1209 522 lamrestitutioniinnabla·Airatri
1250 468 1344 515 nostro
1376 457 1411 516 tt.
1448 459 1657 532 archiepiscopo
1681 470 1709 517 et
1737 461 1843 519 dilecto
1872 462 1926 519 lilio

291 560 399 614 torum,
428 566 510 622 quam
536 554 570 611 de
593 553 654 608 aliis
676 551 790 621 provide
817 563 845 609 ct
879 549 1078 606 rationabiliter

289 641 435 708 statualis,
453 628 511 700 raia
532 644 704 699 decrevimus
719 659 881 714 ptcttnanere
895 662 902 698 :
918 642 1079 698 attatttlantes

290 744 320 790 ut
347 737 512 790 auctoritate
540 744 634 791 nostra
668 735 783 802 suiirdti,
816 736 850 790 ad
870 735 1078 790 Eboraeensem

291 825 441 881 Ecclesiam
468 825 745 897 accedentes,juxta
774 828 896 897 priorum
926 826 1078 882 litterarum

295 926 429 979 terrorem,
446 926 500 971 tam
525 916 551 971 in
569 917 748 988 inquisitione
768 920 857 982 iantae,
874 933 954 987 quarn
972 917 1081 973 restitu-

291 1011 365 1064 tione
387 1007 542 1063 ablatorum
569 1011 710 1064 santonicis
735 1009 871 1072 iacienda,
901 1007 1080 1065 uibiimnintts

289 1099 457 1168 procedatis,
471 1116 524 1155 aton
540 1100 709 1171 impediente
723 1100 905 1170 appellatione
922 1099 963 1156 rei
981 1100 1080 1155 absen-

291 1193 327 1246 tia
342 1192 544 1263 arciriepisrop'r
559 1195 711 1256 trterrrorati.
726 1209 776 1248 nee
792 1192 965 1248 obstantibus
978 1191 1078 1247 litteris

290 1285 318 1339 itt
331 1289 481 1358 priorarum
497 1288 652 1342 litterarum
668 1285 855 1358 praejudicinm
874 1284 1005 1339 iractetms
1027 1283 1078 1337 int-

288 1383 413 1455 petratis.
438 1382 479 1436 ad
503 1379 581 1444 larue,
611 1382 784 1451 praesentium
813 1377 888 1433 tobis
915 1376 1079 1432 auctoritate

289 1471 464 1542 injtmgiunts.
480 1481 614 1542 qtrateuns
629 1466 793 1528 setttenliam
816 1469 1079 1526 escormmrnicatio·

290 1561 334 1617 nis
362 1563 389 1616 in
417 1563 551 1633 quosdam
575 1563 735 1626 canonicos,
761 1558 891 1625 sicarius,
917 1563 1034 1619 clericos
1050 1571 1077 1618 et

288 1655 442 1710 servientes
467 1655 662 1710 cartotrieurnm
686 1655 868 1709 Eboracensis
891 1653 1025 1719 ecciesiae,
1043 1654 1077 1708 ab

289 1745 384 1799 codem
411 1743 619 1814 arciricpiscnpo
642 1751 702 1812 post
733 1740 944 1813 appeliationem
967 1741 1001 1796 ad
1026 1755 1077 1796 uos

1132 553 1168 612 il.
1183 554 1376 612 archidiacono
1386 555 1537 613 senonensi
1549 558 1583 613 ab
1600 556 1751 627 apostoliea
1771 558 1841 613 sede
1852 572 1924 614 oum·

1133 649 1227 714 missa,
1240 648 1285 716 qui
1298 663 1360 702 curn
1375 656 1466 719 partes
1478 648 1600 719 legitime
1612 648 1787 712 citavissent,
1802 657 1834 704 et
1849 649 1925 706 iutel-

1132 735 1264 790 iexissent
1274 749 1367 789 eartrm
1377 735 1482 806 plenius
1497 737 1626 805 rationes,
1639 753 1689 806 pro
1708 737 1789 792 robis
1801 736 1926 793 ‹iidirriti-

1131 840 1192 880 sam
1230 826 1391 899 sententiam
1431 825 1648 897 pronmigarnnt.
1679 827 1823 884 Ceteram
1864 844 1924 882 eam

1130 914 1224 969 eadem
1238 930 1320 970 eatrsa
1339 914 1435 972 luisset
1446 917 1480 972 ad
1495 931 1557 984 nos,
1575 919 1746 975 transmissis
1761 927 1926 988 procurato-

1133 1001 1208 1056 ribus
1219 1005 1454 1075 utriusquepartis
1464 1021 1525 1061 eum
1536 1005 1635 1062 litteris
1648 1008 1682 1063 de
1697 1010 1925 1066 ratibabitstloue

1132 1094 1298 1162 pateruibns,
1315 1111 1364 1167 pcr
1375 1098 1584 1168 appeliationem
1596 1100 1696 1162 deima,
1706 1112 1758 1154 nos
1767 1101 1859 1168 ipsam
1867 1115 1925 1156 cam

1131 1193 1282 1262 contegenti
1299 1206 1383 1262 snper
1393 1194 1510 1262 tpnadam
1527 1194 1698 1264 indulgentia
1711 1195 1869 1265 queastiorre
1887 1194 1926 1250 di·

1132 1281 1209 1337 ier-tis
1223 1282 1286 1337 iriiis
1299 1284 1399 1339 nostris
1416 1283 1520 1356 liugoni
1538 1285 1616 1340 titulo
1626 1284 1720 1341 Sancti
1738 1285 1851 1342 liastini
1864 1300 1925 1356 pre·

1130 1373 1242 1443 siytero
1259 1382 1287 1427 et
1304 1371 1334 1426 Ρ.
1355 1371 1578 1430 Sauarabatis
1603 1376 1630 1429 iu
1650 1375 1698 1430 l'ia
1718 1375 1787 1430 lata
1804 1373 1926 1431 diaconis

1131 1465 1316 1520 cardinalibus
1338 1466 1526 1520 eotrrrrrisimus
1553 1466 1728 1522 audiendam.
1755 1467 1784 1521 in
1807 1481 1925 1538 quorum

1131 1559 1273 1627 praeserttia
1299 1559 1442 1626 utriusque
1471 1559 1557 1628 partis
1573 1560 1805 1627 procuratoribus
1822 1559 1927 1615 consti·

1133 1651 1208 1715 tutis,
1221 1661 1382 1721 procurator
1400 1649 1527 1704 Ecclesiae
1551 1658 1649 1705 restrae
1673 1650 1843 1706 sortientium
1858 1665 1926 1721 pra·

1130 1742 1264 1798 diciorum
1297 1741 1418 1810 indicum
1441 1740 1558 1799 inductis
1588 1741 1742 1797 rationibus
1765 1740 1927 1797 coadunari

289 1836 491 1906 interpositam,
514 1835 729 1905 promulgatam,
757 1836 865 1888 irritam
885 1819 1270 1904 iudicetispe·Bitumiiiter
1295 1832 1450 1904 postularit.
1472 1831 1570 1888 ilerum
1607 1846 1670 1887 enm
1711 1848 1777 1903 pars
1807 1832 1928 1888 adressa

289 1926 364 1983 nitrts
381 1937 409 1982 ct
424 1928 531 1982 itranem
549 1942 557 1979 ε
574 1926 612 1980 ita
628 1936 730 1991 taurea,
745 1934 772 1979 ut
794 1926 881 1980 dictos
892 1925 1078 1980 cartonicosct

288 2017 357 2075 aiios
381 2020 407 2073 in
433 2019 528 2074 eadem
554 2019 691 2074 astruentia
715 2017 869 2073 rrorninatos
894 2017 928 2072 ad
947 2017 1076 2086 naaior'em

289 2110 426 2166 cautelam
449 2110 618 2165 suttoritate
643 2110 801 2179 apostolicae
824 2110 899 2163 sedis
917 2109 1076 2165 absolvatis.

292 2201 395 2259 Oratres
417 2213 509 2256 amem
534 2201 605 2265 iilos,
627 2202 674 2271 (μή
697 2202 724 2255 in
744 2200 919 2256 benedictum
943 2199 1076 2256 clericum

288 2291 440 2364 supradicti
457 2292 567 2357 decurri,
578 2291 736 2346 iiuaiterum
754 2291 950 2362 presbyterum,
965 2289 1079 2343 llicirae·

288 2385 353 2440 dum
370 2385 404 2439 de
424 2383 549 2448 Seruaeo,
572 2391 600 2437 et
616 2382 736 2452 quinique
759 2384 792 2436 tie
807 2381 888 2435 Caesel
911 2380 1036 2445 ciericos,
1050 2387 1077 2433 el

287 2477 359 2532 aiios
372 2474 489 2531 ciericos
510 2471 694 2529 Eboracemsis
716 2472 856 2536 Ecclesiae,
880 2487 975 2528 trrarms
995 2481 1078 2526 tertre·

289 2567 379 2622 rarius
399 2565 564 2635 irrjeeemut,
584 2563 626 2619 rel
642 2564 688 2634 qrri
708 2564 749 2620 eis
765 2564 922 2619 uiolentiam
940 2578 1078 2635 praecepe-

289 2672 354 2719 runt
370 2662 478 2727 inierri,
491 2661 583 2715 turtdiu
603 2660 747 2723 rrtttttietis,
762 2658 942 2739 appellatione
961 2666 1076 2718 seurota,

287 2751 587 2810 escortnouuicationis
609 2751 717 2806 vinculo
732 2751 862 2817 detineri,
880 2750 967 2806 donec
989 2752 1078 2820 passis

289 2847 416 2915 irajariam
443 2861 564 2915 cotrgrue
578 2844 774 2910 satisfecerint,
789 2854 817 2900 ct
840 2859 901 2900 cuttu
926 2855 1077 2899 uestrarum

290 2939 450 2996 testimonio
477 2939 631 2993 litterarum
652 2939 686 2992 ad
708 2939 800 2993 sedern
814 2939 928 2992 vestiant
943 2935 1076 3006 apostuli-

289 3048 349 3087 cam
367 3031 536 3087 airsolrendi.
563 3030 640 3097 Quod
666 3030 688 3084 si
714 3044 810 3086 orrrrtes
834 3029 876 3084 iris
896 3027 1088 3098 essctprcudis

1130 1927 1317 1998 titultiplieitee
1331 1925 1469 1996 allegaret
1485 1927 1587 1982 eliceam
1612 1926 1777 1980 serrteotianr
1798 1939 1855 1979 troo
1869 1937 1928 1979 esse

1130 2019 1295 2076 auctoritate
1309 2018 1457 2089 apostoliea
1470 2016 1664 2083 roborandam,
1676 2018 1766 2088 postni
1777 2032 1823 2072 aras
1837 2018 1928 2088 patim

1129 2126 1179 2182 pro
1193 2113 1251 2182 ipsa
1273 2112 1412 2167 contitissa
1429 2111 1575 2180 aprarndam
1592 2121 1687 2165 cotnra
1703 2112 1925 2166 eortsnetodiner

1130 2212 1235 2258 rostras
1246 2201 1440 2272 indulgentiam
1456 2218 1536 2274 qrram
1550 2212 1639 2258 nester
1653 2203 1844 2258 cortrendebat
1856 2220 1927 2258 rttrrt·

1131 2296 1185 2350 tius
1213 2295 1270 2349 suis
1298 2295 1451 2349 ratiotribus
1478 2294 1660 2364 repellendam
1678 2314 1684 2348 :
1705 2299 1856 2351 antemurali
1880 2311 1929 2350 aa·

1131 2387 1233 2443 ditores
1250 2385 1353 2442 iactum
1370 2404 1430 2441 curn
1446 2387 1661 2458 allegationibus
1676 2389 1825 2458 utriusque
1841 2391 1928 2459 partis

1130 2495 1214 2550 super
1230 2488 1349 2549 utraque
1366 2479 1516 2549 quaestione
1540 2480 1701 2550 utribusdam
1715 2479 1855 2537 iratribus
1875 2498 1926 2538 oo·

1130 2575 1197 2630 stris
1212 2576 1246 2629 de
1264 2574 1391 2627 artartdato
1408 2574 1620 2643 trostmseriptis
1643 2573 1834 2628 modimtibos
1847 2575 1928 2630 esiti-

1130 2667 1238 2730 beutes,
1254 2665 1287 2719 de
1311 2666 1431 2735 ipsorum
1451 2663 1568 2718 cortsilio
1584 2672 1669 2720 testes
1683 2679 1717 2719 ea
1735 2665 1891 2722 abundanti
1911 2682 1927 2721 s

1131 2751 1209 2828 pst-te
1226 2766 1316 2810 restra
1331 2768 1414 2823 snper
1431 2754 1592 2824 quibusdam
1607 2755 1731 2811 articulis
1749 2772 1926 2828 receperunt.

1130 2851 1195 2918 Quae
1208 2865 1270 2904 eum
1287 2848 1321 2902 ad
1336 2856 1457 2903 suestram
1471 2847 1641 2918 fratrumque
1666 2860 1831 2905 nostrorum
1845 2866 1926 2908 soro·

1132 2957 1240 2997 ornarent
1260 2939 1455 2996 discussionem
1478 2941 1571 2998 oraretis
1596 2942 1776 3008 referrentur,
1790 2944 1926 3000 discussis

1132 3035 1248 3106 partium
1265 3036 1381 3102 atteritis,
1403 3036 1542 3091 corotouni
1557 3034 1672 3089 teatrum
1687 3035 1819 3101 eorrsilio,
1833 3036 1926 3092 inded-

289 3122 470 3193 neqnireritis
484 3122 629 3188 iuteresse,
644 3121 699 3176 dno
713 3128 832 3176 restrum
845 3136 876 3176 ea
901 3120 1078 3175 nibilominus
1094 3148 1114 3206 c
1133 3129 1252 3197 generiam
1276 3127 1364 3197 ipsam
1380 3141 1441 3197 qtrae
1458 3136 1554 3182 eotttra
1580 3128 1795 3184 coarsuetndines
1819 3142 1928 3185 reseras

289 3225 484 3285 exsequantur.

325 3307 423 3364 bacun
440 3306 580 3374 Laterani,
597 3324 613 3362 x
630 3304 911 3370 Karieudaslauoaril,
938 3303 1080 3376 pouliiiea·

290 3405 334 3453 tus
345 3397 429 3453 nostri
444 3411 516 3451 aum
526 3397 634 3467 qttittlo.

607 3486 769 3545 ccxxxii.

289 3604 481 3662 &irretitionis
500 3601 627 3656 iliciruele
641 3602 835 3668 arciriepiscopo
851 3607 876 3652 et
891 3598 931 3654 ll.
947 3598 1079 3653 nt'citidiu·

325 3691 391 3730 cotto
412 3673 556 3728 Sertetteusi
575 3671 657 3724 lutum
678 3672 745 3723 inter
761 3671 906 3736 capitulum
921 3668 1081 3722 lr'aruntense

324 3756 348 3799 et
366 3744 510 3798 ddelt'ciam
525 3740 683 3796 catantiarum
696 3738 846 3793 blesensem
858 3739 1007 3806 cutrpirnrnt.

599 3850 760 3922 (Laterani.)

407 3943 551 4020 {Tireodori
565 3941 759 4006 Poertitentiale,
772 3942 803 4007 ii,
820 3959 846 4012 p.
861 3941 937 4015 Silia]

327 4040 507 4097 miserrmus
533 4035 689 4106 episcopus,
715 4049 811 4090 seruus
835 4050 977 4089 sertus-nm
1011 4035 1080 4100 liei,

290 4130 395 4187 dilectis
407 4128 469 4184 iliiis
480 4126 514 4184 G.
523 4127 627 4182 decano
640 4135 668 4181 et
681 4126 800 4195 capitulo
814 4125 975 4181 carnotensi
987 4165 996 4193 ,
1008 4126 1078 4180 saiu-

292 4236 345 4278 tem
358 4219 572 4291 etapostolicanr
588 4218 816 4274 benedictionem.

327 4334 356 4391 Si
373 4332 544 4406 litigantibus
557 4329 702 4386 reuocandi
717 4343 749 4384 ea
766 4343 827 4398 aare
842 4328 945 4398 judicio
962 4327 1003 4385 rei
1017 4344 1081 4384 con·

290 4426 385 4483 cordia
408 4419 691 4479 statuunturaudacia
712 4419 890 4488 praeberetur,
905 4416 1007 4472 irnstra
1029 4419 1081 4472 im·

1133 3218 1159 3272 in
1174 3233 1322 3288 grararneo
1339 3218 1517 3275 Earnotensis
1532 3218 1659 3275 Ecclesiae
1684 3221 1833 3288 petebatur
1848 3236 1928 3291 pror·

1132 3324 1178 3364 sus
1191 3310 1319 3365 duairrms
1347 3309 1519 3365 irritandam.
1535 3313 1715 3368 attendentes
1736 3313 1824 3369 etism
1842 3315 1928 3385 ipsios

1132 3402 1298 3457 serrtentima
1314 3405 1461 3474 praerrtissis
1480 3403 1621 3474 judicibus
1642 3406 1813 3461 auctoritate
1831 3418 1925 3464 nostra

1132 3512 1182 3568 pro
1197 3499 1272 3554 robis
1287 3499 1347 3554 iate
1359 3499 1437 3567 instit
1448 3515 1501 3565 arn,
1516 3500 1638 3554 emniem
1657 3502 1838 3566 sententiam,
1851 3502 1924 3557 sieut

1132 3591 1291 3658 irtipsorum
1314 3592 1437 3660 judicum
1461 3592 1621 3647 autitcutico
1650 3591 1859 3663 continebatur,
1878 3610 1926 3648 an·

1133 3681 1258 3736 ctoritate
1286 3682 1460 3752 praestarium
1490 3682 1683 3738 cortbrmamns
1723 3693 1751 3737 et
1778 3685 1926 3753 presente

1133 3775 1226 3844 scripti
1238 3775 1388 3842 patrocinio
1400 3775 1611 3829 communimus.
1623 3775 1663 3830 tta
1678 3774 1814 3843 maiorem
1834 3787 1924 3832 statem

1134 3865 1283 3931 cautelam,
1311 3866 1398 3935 ipsum
1423 3866 1614 3921 authenticum
1646 3867 1674 3920 in
1700 3878 1798 3922 nostra
1828 3869 1924 3924 lecturo

1132 3957 1297 4029 praesentia,
1318 3956 1352 4012 de
1372 3955 1454 4012 serbo
1478 3956 1511 4010 ad
1539 3956 1649 4011 uerbum
1666 3956 1798 4013 duriarns
1827 3960 1925 4015 litteris

1133 4047 1320 4112 inserendum,
1345 4049 1416 4115 quod
1444 4046 1499 4101 tale
1514 4055 1555 4101 est
1573 4062 1580 4100 :
1600 4045 1834 4103 Ercetturetrsonu
1852 4050 1925 4105 Patri

1132 4147 1156 4193 et
1169 4138 1275 4191 damino
1287 4152 1334 4191 sno
1347 4135 1485 4190 celestino
1501 4137 1589 4190 cliniae
1601 4136 1725 4190 electione
1739 4153 1847 4194 suntme
1859 4158 1925 4209 pos·

1133 4229 1216 4297 tipici,
1243 4226 1282 4282 ll.
1301 4229 1461 4284 Sertuuerrsis
1485 4227 1609 4282 Ecclesiee
1622 4229 1742 4283 nrirritter
1760 4231 1925 4286 leomianus

1132 4330 1156 4373 et
1171 4317 1198 4370 tt
1205 4356 1210 4369 .
1224 4317 1339 4388 ep‘ttsdeut
1348 4316 1475 4372 Ecclesiae
1488 4318 1702 4383 ureltitlt'ueunns,
1714 4320 1833 4376 sulutem
1843 4334 1925 4378 serres

1133 4409 1246 4464 delitum
1267 4427 1346 4476 guum
1362 4420 1386 4463 et
1410 4412 1528 4464 denotant
1553 4410 1579 4462 iu
1601 4411 1721 4463 orrrrtibus
1737 4412 1923 4469 obedientium.

290 4526 439 4591 parceretur
454 4513 547 4568 litibus
574 4512 635 4564 irtus
654 4519 681 4564 et
703 4509 847 4580 judiciaria
871 4519 991 4579 potestas
1006 4518 1079 4564 essct
1095 4514 1118 4569 ι)
1134 4500 1244 4557 Nunerit
1258 4503 1386 4556 sanctitur
1401 4513 1497 4564 nestra,
1513 4501 1726 4555 reverendissime
1739 4500 1841 4570 Pater,
1857 4507 1924 4575 pred

291 4624 342 4682 pro
371 4606 455 4662 nibiiu
479 4602 638 4673 reputanda.
657 4599 756 4655 ilerum
783 4598 933 4667 approbata
955 4598 1077 4665 priorum

291 4699 403 4756 Patruus
423 4694 558 4751 institutio
575 4692 740 4761 litigantium
757 4690 869 4758 cupiens
883 4688 1014 4742 rrraiitiam
1036 4703 1080 4741 re-

292 4789 402 4846 irenare
412 4785 624 4842 constitutiones
638 4781 759 4851 judicum
772 4780 935 4834 atteteritate
959 4779 1080 4833 sscrrratas

291 4884 326 4941 sd
340 4882 470 4948 tnajorem
487 4877 621 4933 ertateiam
638 4886 665 4930 et
681 4883 841 4947 perpetuam
860 4873 1016 4927 ilrrtritatem
1038 4886 1080 4925 re·

293 4972 347 5040 digi
367 4967 468 5038 recepit
492 4969 519 5022 in
536 4968 660 5037 scriptis,
676 4975 704 5020 et
727 4964 849 5019 Ecclesia
865 4963 1000 5026 Rnrrtaoa,
1020 4977 1080 5031 quiae

294 5061 467 5116 tiemandato
494 5058 578 5128 ipsius
602 5068 676 5112 recte
703 5056 803 5114 luerint
830 5055 961 5119 definita,
982 5054 1081 5109 litteris

293 5151 433 5208 corastrerit
445 5150 600 5218 apostolicis
612 5147 785 5202 cotrdrmaee.
795 5145 865 5201 Sane
879 5161 941 5199 curn
958 5146 1082 5199 iuterrus

294 5253 323 5298 et
336 5241 461 5295 dilectam
470 5239 552 5292 tiliam
566 5239 591 5293 in
607 5238 716 5293 Cirristo
729 5237 848 5292 nobilem
861 5236 1001 5290 rituiierem
1010 5235 1083 5290 eide·

293 5327 383 5386 liciam
403 5329 569 5383 cooritissam
586 5327 749 5390 blesensem,
771 5341 852 5396 snper
867 5327 1037 5380 libertatibus
1054 5334 1081 5380 et

293 5419 533 5476 cousuetudinibns
552 5417 725 5472 Carrrotcnsts
751 5415 1000 5484 Eccleaiaequmstio
1021 5429 1082 5468 rer·

294 5524 414 5574 teretur,
434 5519 493 5576 post
523 5509 668 5565 arbitrium
690 5508 852 5563 venerabilis
876 5509 968 5560 iratris
995 5507 1082 5560 riustri

295 5605 411 5662 litteral
430 5603 570 5658 lienterais
594 5601 791 5671 ateiriepiscnpi
808 5641 814 5666 ,
833 5600 940 5654 Sanctae
974 5600 1082 5653 Saluium

294 5698 451 5761 cardinalis,
464 5695 701 5763 apostolicaesedis
714 5694 813 5763 iegati,
830 5702 855 5746 et
868 5692 956 5745 eistete
969 5690 1083 5746 illustra

295 5791 392 5861 reginae
406 5789 586 5843 i'rartcuroat.
612 5786 673 5840 inde
689 5789 790 5855 perlata
809 5799 841 5839 ea
867 5783 914 5838 init
932 5783 1081 5839 reiterabili

1131 4607 1191 4645 cunt
1207 4591 1382 4644 euttttausrsio
1395 4590 1465 4644 truse
1481 4589 1591 4644 dilector
1601 4590 1671 4657 filies
1688 4591 1843 4660 capitatum
1859 4595 1924 4649 Cor·

1132 4691 1241 4737 notense
1267 4689 1292 4736 et
1319 4681 1429 4736 ddeiem
1456 4682 1567 4737 arabilem
1590 4684 1752 4737 comitissam
1775 4683 1925 4743 iliesrnssts

1131 4785 1276 4828 uerteretur
1287 4789 1366 4842 snper
1385 4774 1549 4828 libertatibus
1567 4783 1591 4829 et
1605 4777 1847 4836 consuetudinibus
1862 4781 1926 4836 Cre·

1131 4867 1255 4919 motensis
1285 4862 1410 4919 Ecclesice
1444 4868 1477 4918 de
1507 4866 1679 4920 sert-lentibus
1712 4871 1875 4937 recipiendis
1903 4883 1925 4928 st

1132 4958 1237 5011 tuendis
1250 4967 1273 5010 et
1286 4973 1363 5024 supet·
1379 4957 1536 5025 quibusdum
1564 4958 1713 5012 eorttmdem
1738 4967 1925 5022 canonicorum

1131 5049 1301 5103 sertriernibns
1321 5049 1356 5100 ud
1381 5064 1470 5103 cortem
1499 5052 1633 5104 seruitium
1650 5050 1829 5110 donresticaus
1851 5058 1926 5126 justu

1131 5144 1234 5198 eusdem
1249 5145 1451 5197 eorrsrretndines
1465 5145 1512 5196 sub
1533 5142 1658 5197 Ecclesiee
1676 5145 1791 5202 tuitione
1807 5153 1924 5221 receptis,

1133 5250 1178 5287 ster
1194 5249 1245 5286 non
1262 5242 1286 5287 et
1301 5249 1380 5302 super
1396 5234 1630 5301 conrpeomt‘ssioue
1642 5250 1657 5286 n
1670 5236 1796 5302 portibus
1811 5240 1885 5308 {ecte
1900 5247 1925 5297 ir

1132 5325 1298 5377 excellentem
1323 5324 1458 5376 donuinam
1486 5332 1603 5375 nestrum
1629 5322 1741 5376 deiciunt
1758 5323 1926 5385 francorum

1133 5414 1249 5483 reginoni
1271 5423 1294 5465 et
1316 5414 1487 5466 arctonidem
1505 5410 1612 5464 Putrem
1628 5409 1799 5469 li'iliernumr
1816 5417 1924 5475 Ileates·

1132 5522 1186 5559 setar
1213 5505 1456 5573 urcbiepisrupuar,
1481 5503 1515 5554 ud
1544 5519 1590 5555 tras
1610 5506 1741 5557 errruuaeit
1768 5512 1924 5565 ttterrdnttna

1135 5606 1253 5647 troatrnm
1267 5596 1314 5646 setb
1328 5600 1376 5646 tanc
1389 5594 1475 5661 iorrttn
1490 5608 1498 5646 :

1173 5705 1182 5738 c
1201 5685 1510 5754 Caelestinusepiscopus.
1525 5701 1759 5740 ressurrecturum
1778 5687 1842 5756 Dei,
1857 5709 1925 5747 ssor-

1136 5782 1212 5836 rabili
1224 5781 1303 5850 {sertui
1320 5780 1356 5837 il.
1368 5780 1560 5850 archiepiscopo
1570 5791 1593 5836 ct
1606 5780 1699 5835 dilecte
1716 5781 1773 5837 tilio
1789 5783 1830 5839 li.
1844 5788 1924 5841 oreli-
