3960 6314
74 363 145 423 {005
573 349 753 408 beistotn
773 350 816 406 tt
836 347 1043 406 btttt'ltltcta.
1059 381 1093 392 -
1107 349 1164 406 AN.
1188 351 1266 408 tiss.
1636 354 1704 409 tots

72 479 146 540 nari,
159 477 263 549 absque
281 485 416 531 consensu
442 469 527 524 totins
547 468 672 541 capituli,
689 466 731 523 sei
756 464 867 533 majoris
883 474 905 527 Α
923 473 967 532 tts,
983 480 1033 536 per
1047 479 1096 520 uus
1110 467 1226 523 transire
1237 466 1393 538 eontigerit,
1407 467 1441 524 ab
1465 467 1512 524 iiio
1539 467 1704 529 benedictio·

73 570 199 638 partinet
215 567 345 622 cautioris.
358 563 387 619 Si
401 577 461 632 pute
479 576 546 617 tero
561 560 722 616 donationes
739 557 779 612 rel
796 554 864 612 alie·
916 574 964 614 nes
980 570 1122 620 uasorttm,
1134 566 1161 610 et
1177 558 1305 625 testium,
1331 558 1550 614 consecrationes
1563 559 1704 620 altarium.

73 661 204 715 nntitmes
216 658 296 713 aliter
314 670 396 724 natum
412 652 515 708 dictum
542 661 582 709 est
598 653 678 706 inette
693 651 865 711 interluceat
915 651 1102 708 ordinationes
1126 650 1334 714 monachorum,
1361 651 1525 708 atteteritate
1551 651 1623 706 serias
1639 667 1705 723 apu-

74 749 167 803 irritas
180 740 406 801 esse'eensemus.
420 741 460 796 ld
475 742 532 797 lusce
543 741 626 796 etiarn
642 739 819 809 probibemus
832 752 866 792 ue
916 743 1017 800 stolicoe
1034 742 1155 809 recipere
1171 740 1293 796 ualeatis.
1317 742 1405 798 Porro
1421 743 1442 799 si
1461 743 1584 814 episcopi¹
1602 744 1644 800 uel
1659 746 1704 799 alii

73 837 342 908 aliquismouaclms
360 837 417 890 sire
443 848 594 891 conversus
618 832 671 887 sttb
695 829 866 901 professione
916 834 1097 890 ecclesiarum
1132 842 1266 897 rectores,
1293 832 1320 887 in
1352 834 1516 891 mortasteria
1544 843 1635 891 restra
1662 835 1705 890 rel

72 931 284 985 donaossestrae
298 929 438 996 astrictus,
456 929 517 985 siue
537 940 673 983 consensu
697 934 726 981 et
754 923 863 980 licentia
916 938 1050 995 personas
1073 923 1141 979 inibi
1166 924 1341 988 constitutas,
1371 925 1568 994 suspensionis,
1591 939 1704 981 creont-

73 1020 194 1083 abbatis,
210 1030 235 1076 et
250 1020 361 1092 maioris
375 1020 462 1091 partis
473 1018 584 1089 capituli
610 1018 694 1076 rostri
706 1033 758 1089 pro
772 1017 866 1087 alione
917 1014 1108 1069 manicatianis
1120 1015 1162 1068 tei
1185 1013 1321 1070 interdicti
1336 1017 1499 1071 sententiam
1514 1017 1706 1089 promulgate·

73 1113 127 1169 ilde
144 1114 247 1184 juubeat,
261 1113 303 1169 rel
317 1113 353 1167 ab
368 1111 460 1181 aliquo
481 1111 626 1182 pecuniam
641 1120 735 1166 mutam
748 1110 865 1180 accipiat
916 1104 981 1166 rint.
999 1105 1057 1160 site
1069 1104 1152 1160 etium
1173 1106 1200 1161 in
1228 1107 1413 1162 mercenarios
1428 1107 1502 1162 uiros
1514 1123 1563 1178 pro
1584 1124 1618 1166 eo
1629 1110 1703 1182 quaed

72 1203 277 1273 uitrapretiutn
304 1199 416 1270 capituli
441 1199 525 1255 uestri
542 1197 866 1269 prouidetttiacottstittt·
916 1195 1039 1252 decianas
1064 1212 1116 1252 nott
1144 1198 1259 1268 solvitis,
1278 1197 1320 1255 tei
1345 1199 1435 1270 aliqum
1451 1199 1595 1256 occasione
1608 1215 1703 1257 eornm

73 1303 144 1360 tum,
159 1293 211 1348 nisi
232 1300 345 1362 propter
371 1289 542 1345 tataniiestam
558 1290 655 1346 domus
678 1300 775 1345 restrae
790 1289 865 1345 utili·
917 1303 979 1358 puae
992 1288 1028 1343 ab
1041 1287 1191 1361 apostolica
1201 1290 1370 1359 benignitate
1393 1291 1472 1348 robis
1494 1292 1598 1348 indulta
1630 1304 1704 1358 stmt,

72 1395 171 1447 tatem,
184 1384 257 1454 quod
272 1383 294 1439 si
314 1382 405 1438 ictcere
422 1383 635 1453 presumpserit,
659 1395 715 1436 non
737 1388 864 1439 teneatur
914 1391 962 1432 seu
978 1377 1170 1437 benefactores
1182 1388 1287 1436 nestros
1311 1396 1361 1451 pro
1374 1395 1408 1438 eo
1427 1385 1500 1455 qutud
1522 1384 1613 1456 aliqua
1628 1384 1706 1442 voltis

72 1487 225 1532 concentus
241 1474 346 1544 probis
362 1473 535 1546 aliquatenus
551 1473 728 1543 respondere.
743 1468 861 1528 Licitmtt
914 1467 1048 1524 beneilcia
1063 1468 1105 1524 tel
1117 1470 1248 1541 obsequia
1266 1484 1299 1526 er
1315 1472 1449 1528 charitate
1461 1476 1648 1543 praestiterint,
1660 1476 1704 1532 tei

73 1579 209 1639 praterea
227 1566 264 1620 sit
293 1565 371 1620 robis
387 1564 413 1618 in
427 1563 517 1618 causis
538 1561 666 1632 propriis,
678 1563 735 1617 sire
755 1561 862 1619 ciuilem
914 1560 949 1614 ad
965 1558 1146 1618 laborandum
1163 1559 1326 1633 atijttreriut.
1341 1564 1367 1618 iu
1384 1563 1437 1620 illis
1458 1567 1553 1624 diebus
1565 1568 1591 1624 in
1606 1570 1705 1640 naribus

72 1665 133 1718 sire
156 1660 324 1715 criminalem
349 1658 510 1713 contineant
537 1657 728 1726 nonnionem,
748 1654 861 1710 iratrttrn
914 1664 963 1705 ros
976 1649 1106 1710 laboratis
1118 1661 1146 1710 et
1160 1652 1205 1710 aiii
1232 1654 1376 1720 leniantur,
1401 1657 1524 1713 eamdem
1541 1661 1704 1717 sententiam

71 1762 229 1808 nestrorum
248 1749 412 1807 testimoniis
426 1749 476 1816 uti,
498 1762 534 1804 ue
549 1762 600 1820 pro
618 1747 723 1804 delectu
741 1746 860 1815 testium,
915 1742 1095 1811 protulerint,
1110 1744 1196 1814 ipsam
1210 1754 1339 1816 tanquam
1353 1756 1447 1803 contra
1462 1748 1706 1820 sedisapostolicae

68 1844 115 1914 jus
133 1852 254 1898 uestrum
269 1841 297 1897 in
315 1840 506 1912 aliquoraleat
522 1840 659 1912 deperire.
688 1839 803 1912 lnsttper
816 1854 864 1894 au·
880 1843 903 1904 g
918 1833 1020 1889 indulta
1045 1835 1180 1907 prolatam
1203 1837 1376 1894 deceruimus
1404 1838 1578 1901 irritandam.
1595 1857 1645 1897 nce
1658 1840 1705 1897 lit·

69 1937 200 1993 ctoritate
221 1933 370 2004 apostolica
397 1933 552 1990 inhibemus
573 1948 608 1989 ne
626 1933 697 1988 ullus
719 1933 863 2003 episcopus
915 1930 979 1980 ¹⁹*oe
997 1924 1058 1980 ¹¹¹¹ae
1079 1925 1237 1981 sslmiimm
1262 1926 1390 1994 hildini·
1415 1944 1485 1999 quas
1500 1929 1582 1986 tacito
1597 1932 1706 1988 bomine

70 2026 114 2082 rei
135 2025 264 2096 quaelibet
277 2023 330 2078 aiia
344 2037 460 2090 persona
480 2021 514 2077 ad
526 2021 645 2093 synodos
656 2020 699 2077 rel
712 2029 864 2077 concentus
917 2015 1112 2073 cisterciensis
1128 2017 1245 2083 ordinis,
1257 2028 1284 2076 et
1298 2033 1393 2078 contra
1404 2032 1527 2080 tenorem
1542 2024 1705 2095 apostolicoa

72 2117 195 2172 ioreases
220 2129 269 2169 ros
282 2114 321 2169 ire
335 2113 377 2169 sel
389 2111 491 2182 judicio
504 2112 630 2170 secutast
647 2113 681 2168 de
698 2122 788 2170 uestra
799 2127 863 2184 pro-
915 2123 974 2162 t·ttnt
988 2107 1193 2181 privilegiorum
1209 2112 1384 2170 constiterint
1401 2114 1553 2187 impetrari.
1563 2114 1626 2173 Paci
1637 2133 1706 2188 ntro·

69 2208 130 2276 pria
153 2205 306 2261 substantia
319 2204 361 2259 rei
374 2204 598 2275 possessionibus
611 2203 710 2261 restris
721 2201 863 2275 suldacere
912 2215 968 2271 nure
983 2210 1010 2255 et
1034 2201 1227 2274 tranquillitati
1256 2215 1355 2261 testae
1383 2215 1498 2277 paterna
1522 2206 1704 2276 inposterum

71 2296 229 2367 corrrpeiiat,
244 2310 292 2351 nec
312 2295 346 2350 ad
362 2296 459 2350 tiorum
470 2302 574 2351 uestras
595 2309 679 2351 causa
692 2295 802 2351 ordines
816 2308 862 2349 ce-
914 2290 1099 2348 soiiicitudine
1109 2292 1254 2362 providere
1270 2293 1580 2362 uolentes,auctoritate
1594 2303 1706 2365 aposto-

71 2387 207 2450 lebrandi,
225 2395 325 2441 cautas
354 2385 511 2451 tractandi,
537 2384 580 2439 rel
607 2384 713 2455 siiguos
739 2384 861 2456 publicus
913 2381 1171 2452 iicapruluibemus,
1199 2393 1232 2441 ut
1256 2384 1326 2442 inira
1340 2384 1482 2442 clansttras
1510 2384 1634 2442 locorum
1656 2400 1705 2441 seu

69 2489 223 2535 contentus
237 2475 405 2531 convocandi
418 2474 513 2529 tenire
534 2483 692 2544 praesumat,
711 2488 762 2529 nec
779 2488 859 2546 regu·
914 2474 1088 2544 grangiarum
1113 2485 1269 2533 uestrarum
1285 2476 1374 2532 nullus
1396 2478 1519 2548 rapinam
1532 2492 1580 2533 scu
1603 2477 1704 2532 lurtum

70 2568 158 2623 larem
184 2565 345 2622 eiectionem
372 2565 478 2620 abbatis
493 2563 576 2621 uestri
604 2563 743 2634 impediat,
768 2573 815 2618 aut
829 2563 863 2619 do
914 2560 1017 2629 iacere,
1037 2563 1129 2636 ignem
1142 2579 1290 2636 apponere,
1306 2566 1465 2637 sauguinem
1478 2565 1602 2632 tundere,
1618 2566 1706 2624 bonai-

71 2658 241 2717 instituendo
255 2659 297 2712 tei
314 2657 480 2714 remanendo
499 2669 531 2713 eo
545 2656 593 2728 qui
606 2669 656 2728 pro
669 2665 791 2725 tempore
801 2655 861 2712 itte·
914 2667 976 2708 rtem
998 2665 1102 2712 temere
1115 2669 1216 2726 capere
1237 2657 1280 2712 rel
1301 2657 1463 2725 interlicere,
1479 2674 1530 2717 seu
1546 2660 1704 2716 violentiam

72 2753 107 2805 rit
122 2758 218 2804 cotttra
236 2757 335 2804 statuta
349 2747 541 2803 (isterciensis
562 2747 667 2803 ordinis
679 2758 710 2801 se
723 2745 861 2816 aliquate·
916 2743 1015 2800 audeat
1030 2758 1171 2802 exercere.
1189 2745 1326 2804 Praeterea
1338 2763 1436 2807 omnes
1457 2749 1597 2808 libertates
1611 2761 1638 2807 et
1654 2752 1706 2806 im·

71 2857 122 2896 uus
135 2841 309 2896 intromittat.
324 2838 353 2895 Si
364 2854 429 2895 uero
441 2838 583 2910 episcopus
599 2838 627 2894 in
639 2837 718 2909 ettjus
732 2837 860 2909 parocbia
912 2834 1102 2903 munitatem
1117 2836 1366 2907 predecessoribus
1379 2840 1482 2896 trestris
1494 2840 1625 2898 itomanis
1637 2858 1706 2914 pon·

69 2932 167 2987 dotatus
180 2942 270 2986 restra
300 2929 410 2986 iuudata
430 2941 482 2993 est,
506 2946 567 2985 cum
593 2928 747 2984 bumilitate
764 2944 796 2985 ac
813 2928 861 2984 de·
912 2925 1130 2983 tiitcibusordini
1145 2938 1236 2985 restro
1250 2943 1406 2994 concessas,
1417 2946 1467 2987 nec
1479 2947 1531 2987 tton
1549 2931 1704 2997 libertates.

70 3024 180 3078 tutione
197 3037 250 3092 qna
264 3023 392 3077 convenit
415 3021 563 3092 requisitus
583 3021 760 3076 substitutum
773 3020 859 3077 abba·
910 3029 939 3074 et
951 3020 1138 3087 exemptiones
1148 3019 1317 3077 saecularium
1332 3024 1506 3079 exactionum
1521 3038 1537 3079 a
1552 3025 1661 3096 regibus
1674 3038 1704 3081 et

71 3127 124 3170 tem
141 3113 315 3178 benedicere,
327 3121 355 3166 ct
374 3112 426 3166 alia
440 3127 501 3181 nuce
515 3113 549 3167 ad
573 3109 691 3187 odicittm
704 3110 859 3184 episcopale
912 3111 1082 3183 principibus
1095 3113 1137 3168 vel
1162 3111 1223 3169 aliis
1251 3113 1377 3172 lidelibus
1411 3116 1611 3174 rationabiliter
1626 3119 1704 3174 tobis

69 3208 207 3278 pertinent
222 3204 299 3259 rubis
317 3201 444 3259 conterre
468 3202 539 3259 iorte
552 3204 686 3270 renuerit,
705 3202 809 3259 licitum
823 3179 894 3260 site
913 3203 1043 3270 indultas,
1069 3204 1233 3261 auctoritate
1254 3206 1401 3276 apostuttca
1438 3205 1655 3274 condnnamus,
1675 3218 1704 3266 et

69 3295 158 3348 cidem
171 3292 273 3358 abbati,
302 3291 325 3347 si
351 3298 440 3347 tamen
457 3291 586 3348 sacerdos
613 3291 704 3359 luerit,
734 3293 859 3363 proprios
909 3299 1054 3366 pltaesetttis
1067 3296 1164 3367 scripti
1180 3297 1324 3369 priuilegio
1346 3300 1555 3360 communimus,

69 3385 189 3440 rtouitios
203 3382 376 3447 benedicere,
400 3389 430 3438 et
448 3381 577 3451 altaque
600 3382 635 3437 ad
649 3381 766 3439 officiunt
779 3398 858 3439 suurn
945 3387 1124 3443 decernimus
1138 3401 1214 3459 ergo,
1231 3397 1286 3445 ete.

70 3476 210 3544 pertinent
232 3487 373 3540 exercere,
387 3482 415 3530 et
427 3473 504 3528 robis
514 3472 608 3529 omnia
620 3473 654 3530 ab
665 3472 720 3529 aiio
730 3473 859 3544 episcopo
947 3475 1004 3547 Ego
1018 3473 1191 3539 Coeiestinus,
1206 3476 1346 3534 catholice
1363 3478 1489 3537 Ecclesiae
1497 3480 1649 3553 epsseopus.

69 3567 226 3635 percipere,
242 3580 303 3638 quae
315 3581 330 3620 a
344 3574 436 3621 restro
459 3564 560 3622 luerint
582 3564 701 3622 indebite
713 3564 858 3637 denegata.
946 3566 1003 3639 Ego
1015 3566 1140 3632 Albinus,
1159 3567 1322 3624 libanensis
1336 3572 1490 3643 episcopus.

70 3656 137 3710 iliud
150 3656 312 3724 adjicientes
336 3664 366 3713 ut
390 3657 417 3713 ln
442 3657 606 3728 recipiendis
630 3655 858 3728 professionibus,
941 3660 998 3724 Ego
1023 3659 1198 3725 Octauianus,
1222 3659 1357 3718 Ostiensis
1385 3670 1414 3720 ct
1440 3661 1613 3721 lettetreusts
1640 3664 1698 3734 epi·

67 3761 132 3817 que
146 3762 161 3801 a
175 3747 330 3803 benedictis
345 3746 389 3803 rei
415 3748 607 3805 benedicendis
620 3749 763 3805 abbatibus
780 3749 860 3805 exiri·
910 3762 1016 3820 scopus.

70 3838 182 3902 benun,
196 3852 230 3894 ea
242 3839 299 3894 sint
313 3838 432 3910 episcopi
451 3839 539 3894 lurma
557 3849 585 3895 et
607 3840 781 3911 expressione
793 3855 858 3896 cott-
945 3841 1002 3913 Ego
1015 3841 1145 3913 ioannes,
1160 3845 1342 3903 i‘raettestiuus
1354 3846 1507 3917 episeopus.

70 3930 152 3990 tenti,
169 3943 230 3999 que
245 3929 280 3985 ab
293 3929 398 4001 origine
413 3931 518 3987 ordinis
539 3931 662 3988 noscitur
676 3932 813 3997 instituta,
830 3942 859 3989 ut
950 3937 1005 4006 llgo
1022 3937 1127 4003 Petrus,
1149 3937 1307 3993 Portuensis
1318 3945 1346 3992 et
1365 3936 1394 3992 S.
1411 3935 1516 3992 iiultun
1528 3937 1680 4009 episcopus.

67 4020 178 4078 scilicet
192 4024 305 4079 abbates
320 4021 383 4092 ipsi,
398 4021 474 4078 salto
484 4023 580 4078 ordine
593 4036 651 4084 suo,
676 4022 795 4089 prutttert
810 4025 858 4080 de·
946 4027 1002 4096 ligo
1016 4027 1180 4093 Panduilns,
1206 4028 1327 4084 basilien
1353 4025 1398 4082 bil
1422 4027 1611 4098 Apostolorum
1625 4045 1701 4099 pres·

69 4113 167 4179 beant,
178 4124 207 4169 et
222 4122 317 4171 centra
332 4122 433 4169 statuta
445 4111 549 4168 ordinis
563 4114 604 4168 stti
630 4112 730 4168 nuliam
757 4113 860 4183 proies·
910 4118 989 4186 buter
1001 4115 1156 4172 cardinatis.

69 4206 176 4261 sionem
191 4205 285 4261 iacere
307 4204 515 4275 compellantur,
539 4204 593 4260 Pru
607 4205 859 4263 cottsecrationibus
947 4205 1118 4279 Eguiieliur,
1137 4206 1188 4260 SS.
1218 4205 1331 4262 tuarum
1346 4214 1372 4260 et
1387 4203 1463 4260 Pauli
1472 4203 1612 4278 presbyter
1623 4209 1696 4267 eard,

70 4311 137 4350 uero
152 4295 279 4350 altarium
298 4293 338 4349 tel
351 4292 528 4349 ecclesiarum
541 4293 599 4351 site
616 4309 665 4365 pro
679 4295 739 4349 oleo
763 4305 858 4350 sarreto
909 4298 951 4351 tit.
963 4297 1141 4354 Panamacbii.

70 4387 116 4442 uel
129 4386 249 4456 qrtolibet
268 4384 456 4442 ecclesiastico
482 4394 652 4440 sacramento
677 4386 767 4440 nuilus
781 4400 796 4439 a
812 4399 858 4439 uo·
946 4389 1002 4460 Epo
1018 4389 1124 4456 i’ctrns,
1145 4390 1186 4445 tit.
1212 4388 1320 4445 Sancte
1338 4389 1454 4446 escttuae
1474 4389 1616 4463 presbyter
1638 4406 1700 4448 ear·

69 4481 113 4535 bis
129 4479 181 4534 sub
193 4479 306 4533 obtentu
326 4474 532 4533 consuetudinis
549 4474 591 4532 tel
615 4474 670 4531 alio
685 4476 766 4532 ruodo
780 4476 859 4546 qttid·
874 4499 897 4556 D
910 4481 1018 4536 ditralis.

70 4586 152 4639 quam
170 4572 269 4625 audeat
298 4578 474 4636 extorquere,
503 4567 550 4623 sed
574 4568 633 4624 bec
653 4569 745 4623 onmia
773 4569 858 4637 gantis
944 4571 1302 4642 [gulocdanttnpresitytcr
1315 4571 1505 4629 cardinalias.
1520 4570 1699 4629 Puderrtiauat

70 4660 148 4716 ucbis
172 4658 317 4728 episcopus
353 4658 525 4713 dioecesanns
552 4658 709 4727 impendat,
737 4657 856 4729 alioquin
909 4661 949 4714 tit.
963 4659 1091 4715 Pastoris.

69 4751 150 4806 liceat
178 4749 256 4805 robis
284 4763 474 4819 quemcumque
511 4747 663 4804 malueritis
690 4747 856 4805 catlmiicutu
940 4750 998 4820 Ego
1013 4750 1161 4817 itomanus,
1185 4751 1227 4805 tit.
1252 4749 1282 4804 S.
1306 4750 1456 4806 anastasie
1479 4750 1622 4826 presbyter
1636 4768 1698 4808 car·

71 4842 321 4905 adfreautistitcm,
340 4839 457 4911 gratiam
481 4846 509 4895 et
533 4837 856 4894 communionemsacro·
907 4840 1018 4896 diruatis.

71 4944 171 4991 sanctae
184 4931 314 4988 Romanae
328 4933 400 4988 scriis
425 4932 581 4996 habentem,
602 4929 649 5002 qui
664 4940 757 4986 nostra
774 4929 857 4987 iretus
944 4933 1000 5003 Ego
1013 4932 1114 4997 Gnido,
1129 4933 1271 5004 presbyter
1289 4930 1435 4989 cardinalis
1450 4931 1479 4988 S.
1492 4930 1582 4988 barte
1609 4942 1684 4988 trans

72 5026 236 5081 auctoritate
261 5025 337 5080 robis
360 5028 432 5094 quod
446 5023 599 5094 postulatur
614 5022 762 5092 impendat.
780 5023 856 5090 Quod
908 5023 1025 5080 Tiberim
1042 5028 1082 5081 tit
1098 5024 1201 5081 calisti.

72 5120 94 5174 ti
113 5120 192 5174 sedes
206 5117 356 5174 dioecesani
373 5118 492 5187 episcopi
518 5114 586 5173 torte
600 5117 856 5173 uacaueritinterim
942 5117 999 5186 Ego
1019 5116 1147 5182 loannes,
1170 5116 1213 5170 tit.
1240 5115 1270 5172 S.
1300 5116 1431 5187 Stcplraui
1453 5116 1479 5173 in
1504 5110 1591 5175 cmlio
1605 5131 1696 5176 moute

70 5211 163 5265 omnia
179 5208 363 5264 ecclesiastica
387 5219 558 5264 sacramenta
581 5223 596 5263 a
613 5207 710 5263 ticinis
724 5208 857 5280 episcopis
908 5211 1051 5280 presbyter
1064 5207 1222 5263 cardinalis.

71 5304 198 5373 accipere
212 5301 296 5357 labere
316 5309 343 5356 et
369 5301 472 5370 absque
494 5299 709 5356 contradictione
733 5298 855 5369 possitis,
943 5300 999 5371 Ego
1022 5297 1173 5366 Sodrcdus,
1197 5302 1240 5357 tit.
1267 5301 1297 5359 S.
1318 5299 1447 5358 Praaedis
1471 5301 1613 5374 presbyter
1634 5316 1695 5358 eor·

72 5398 112 5451 sic
125 5406 214 5451 tanuen
229 5402 258 5448 ut
274 5407 307 5448 er
321 5394 374 5447 ltoc
389 5393 416 5447 in
439 5402 581 5462 posterum
593 5391 710 5463 propriis
724 5390 857 5460 episcopis
907 5390 1013 5446 (litandis.

72 5487 175 5543 nullium
190 5486 377 5557 prejudicium
390 5493 544 5556 generetur.
558 5485 626 5551 Quia
642 5497 705 5538 tero
718 5481 855 5540 interdum
942 5480 998 5550 Ego
1023 5479 1188 5546 Bernartius,
1220 5480 1249 5536 S.
1268 5480 1340 5537 l‘etrl
1361 5483 1395 5537 ad
1420 5483 1533 5540 liiucui'a
1554 5484 1695 5557 presbyter

71 5579 211 5649 proprium
227 5577 414 5646 episcoporum
426 5575 532 5646 copiam
544 5589 597 5630 nun
614 5573 730 5639 habetis,
742 5575 765 5630 si
776 5587 856 5645 quern
907 5574 982 5626 card.
996 5574 1038 5626 tit.
1052 5573 1189 5630 Eudosie.

71 5668 227 5738 episcopum
240 5667 369 5722 Romanae
392 5667 475 5730 sedis,
490 5675 519 5720 ut
545 5664 856 5730 diximuscummuuio·
944 5662 1000 5730 Ege
1014 5661 1172 5729 Gratianus,
1187 5664 1237 5721 SS.
1266 5663 1371 5723 Cosmat
1383 5674 1410 5720 et
1425 5661 1549 5725 bauainai
1561 5663 1697 5724 diaconus

73 5774 136 5818 netu
153 5758 309 5826 itabentem,
321 5767 347 5814 et
363 5758 395 5812 de
409 5771 463 5827 qno
490 5755 596 5829 plenam
620 5757 742 5815 notitam
759 5755 856 5812 babeu·
908 5754 1063 5810 cardinalis.
