3960 6314
176 372 243 431 ttti
810 357 1004 418 caelestini
1021 356 1056 413 tlt
1074 354 1176 412 PAPAE
1730 349 1795 407 titt

175 480 701 548 tn0rtbeadiaeonicardinatis.domini
714 495 790 551 papae
804 479 957 544 camerarii,
972 486 995 544 Α
1011 474 1160 546 suscipiant
1186 473 1295 545 regulas
1322 471 1471 545 magisterii
1501 468 1545 526 ubi
1571 466 1659 525 totins
1683 467 1793 524 ecclesie

173 581 237 636 ldns
252 563 423 642 Februarias,
443 577 598 633 inductione
615 591 672 642 ιιι,
689 573 886 632 incarnationis
907 573 958 628 lio-
1008 566 1132 624 carinas
1147 563 1237 636 posuit
1251 565 1442 635 principatum,
1459 573 1498 630 ιιι,
1513 575 1567 631 qtae
1582 557 1793 627 uniuscnjusque

174 668 284 726 tttinicae
306 683 377 725 anno
393 667 472 733 1195,
494 664 670 737 pontilleatus
694 680 759 723 reru
779 664 880 721 dosuiui
894 661 956 719 Cte-
1008 657 1186 716 sacerdotalis
1209 655 1349 728 dignitatis
1375 666 1463 711 mater
1485 667 1546 711 esse
1570 651 1738 712 dinoscitur,
1760 650 1793 703 sit

132 819 137 833 ,
174 761 264 820 icatiai
278 775 356 834 papae
370 759 484 816 lilauno
499 759 605 830 quinto.

434 941 438 949 .
498 872 632 932 001111.

89 994 95 1010 ·
174 987 397 1043 Pernttstationesn
413 1006 423 1040 t
439 990 614 1056 possessionis
626 989 747 1044 liaritarn
763 1005 773 1039 ι
788 986 957 1052 aprnpusita

208 1057 362 1121 etrapituia
383 1057 499 1114 ecclesie
517 1059 656 1128 Attgiensis
674 1058 773 1124 (autum
796 1072 856 1110 sum
875 1055 959 1128 C(on·

207 1125 430 1265 iiiiaitfmpo
448 1141 472 1184 et
486 1129 619 1184 canunicis
634 1125 882 1198 lintispouensibsss,
895 1140 958 1179 con·

408 1289 554 1359 (Laterani,
570 1289 650 1346 reor.
668 1289 724 1360 15.)

400 1380 487 1456 [llum
503 1380 596 1448 Baiae,
614 1380 636 1449 1,
652 1379 727 1454 113)

102 1473 107 1488 ’
207 1473 386 1530 mensurans
400 1473 555 1542 episeopus,
574 1486 670 1527 sersus
686 1485 828 1527 serrorum
843 1469 901 1536 bei,
916 1469 957 1526 di·

172 1565 252 1622 icctis
267 1564 331 1621 ttits
345 1567 491 1635 praeposito
508 1575 536 1620 et
551 1563 668 1634 capitulo
682 1562 817 1633 bagensis
829 1562 957 1618 Ecclesiae

173 1655 330 1713 salutemet
346 1657 521 1727 apostolicam
538 1653 765 1712 benedictionem.

206 1749 293 1807 iustis
312 1747 460 1822 petentium
476 1745 620 1803 desideriis
634 1746 744 1817 dignum
760 1753 802 1802 est
823 1759 873 1800 nos
886 1743 956 1799 laci·

172 1842 225 1899 lam
240 1843 360 1913 praebere
371 1855 543 1906 eonsensum,
556 1847 585 1895 et
594 1847 655 1894 rata
670 1853 730 1908 qaum
745 1853 760 1891 a
774 1836 888 1891 rationis
902 1844 957 1891 tra·

97 1965 100 1973 ·
171 1935 237 1992 ntite
259 1947 311 1989 non
330 1932 486 1990 discordant
500 1929 597 1986 ellectu
612 1936 792 2000 prosequente
809 1928 954 1998 complere.

172 2027 333 2096 eapropter,
357 2022 448 2078 dilecti
472 2019 500 2075 in
525 2020 640 2076 bomine
673 2019 732 2083 iiiii,
757 2019 855 2074 restris
876 2017 957 2086 iustis

172 2116 401 2191 postulationibus
417 2123 495 2186 grato
509 2121 705 2170 concurrentes
720 2126 831 2167 assensu
847 2125 957 2180 permu-

173 2211 303 2266 tationem
317 2207 500 2279 possessionis
514 2205 649 2272 Bacinora,
665 2219 746 2274 qttam
762 2218 824 2258 cum
844 2217 957 2258 senera-

171 2303 218 2358 ltill
233 2301 319 2356 lratre
329 2308 423 2354 nostro
436 2295 467 2352 0.
483 2297 611 2366 episcopo
626 2304 653 2351 et
670 2295 776 2350 dilectis
791 2294 854 2350 uitis
873 2309 957 2349 cano-

173 2391 243 2449 nicis
261 2387 504 2462 ltatisponensibus
518 2385 706 2450 contraxistis,
722 2386 792 2440 sicut
809 2384 957 2440 rationabi-

172 2485 235 2541 liter
250 2493 278 2540 et
291 2485 351 2540 sine
363 2482 483 2552 qualibet
498 2480 633 2550 pravitate
647 2478 717 2533 lacta
731 2486 782 2540 est,
795 2487 821 2532 et
834 2493 866 2532 cx
883 2485 957 2531 ntra·

171 2591 224 2648 qne
238 2586 315 2648 parte
336 2585 456 2644 recepta,
477 2582 505 2628 ct
524 2572 645 2642 ciusdem
660 2571 781 2641 episcopi
800 2571 958 2626 aurtremico

171 2667 336 2730 continebar,
355 2664 431 2720 rabis
442 2672 468 2722 et
481 2677 530 2733 per
545 2677 592 2716 ras
611 2660 736 2716 ecclesius
750 2669 847 2714 restra
861 2667 955 2714 aucto·

173 2759 254 2815 ritate
268 2755 415 2829 apostolica
433 2755 636 2818 corrbrmamus,
658 2763 685 2809 et
706 2753 849 2822 praesentis
862 2751 955 2823 scripti

171 2843 321 2915 patrocinia
333 2843 541 2898 communimus.

206 2933 277 2992 liniti
292 2949 357 3006 ergo
369 2934 478 2990 omnino
493 2934 632 2990 bominum
650 2933 732 2990 liceat
749 2935 820 2990 ltattc
831 2935 956 3006 pagiuam

171 3026 490 3087 nostraeconlrmatiunis
500 3026 660 3098 intringere,
670 3026 957 3084 eteiausutenterario

1008 750 1089 805 etiam
1109 748 1268 805 ellactandis
1283 747 1346 804 liliis
1364 745 1495 818 magistra
1508 742 1699 802 ecclesiastice
1715 742 1794 797 ratio·

1010 840 1069 906 nis;
1083 842 1147 911 nuria
1162 851 1192 899 et,
1208 839 1254 894 bei
1270 839 1411 911 priuilegio
1426 839 1580 911 possidetur
1594 846 1622 893 et
1637 844 1792 892 sanctas-an

1007 927 1118 984 Patrnm
1136 929 1320 985 sanctionibus
1339 929 1492 985 evidentius
1510 926 1671 982 declaratur
1689 923 1724 979 ab
1738 923 1794 978 uni·

1009 1031 1065 1078 tate
1085 1022 1147 1078 iidci
1169 1036 1283 1093 prorsas
1301 1022 1458 1077 exorltitare
1482 1018 1634 1091 probantur
1649 1019 1698 1087 gni
1717 1033 1793 1074 maus

1007 1112 1153 1184 aliquando
1167 1112 1326 1178 sentientes,
1339 1111 1439 1167 diuinis
1451 1110 1563 1168 obviare
1577 1107 1794 1165 institutionibus

1007 1203 1163 1266 moliuntur,
1174 1201 1349 1260 vendicantes
1359 1201 1410 1257 sibi
1423 1199 1609 1265 stragisterium
1629 1213 1686 1253 non
1703 1211 1718 1252 a
1731 1196 1793 1263 lieo,

1007 1295 1144 1351 aurientes
1158 1296 1299 1352 seientiam
1314 1310 1367 1351 non
1389 1309 1404 1350 a
1425 1293 1510 1360 tonte,
1526 1309 1559 1350 ac
1574 1296 1689 1367 proprie
1701 1293 1794 1349 solun·

1008 1388 1072 1444 tatis
1086 1386 1199 1460 vestigia
1219 1388 1355 1460 prosecuti
1379 1387 1407 1443 in
1429 1387 1559 1446 oberrare
1580 1386 1671 1444 deuiis
1691 1385 1794 1459 pericu·

1006 1477 1064 1537 lose
1079 1477 1211 1534 nitantur.

1042 1592 1124 1659 Sane,
1138 1592 1215 1662 prtia,
1231 1591 1303 1648 sicut
1317 1605 1350 1648 cs
1361 1598 1458 1649 tenore
1470 1590 1624 1648 litterarum
1640 1591 1736 1649 dilecti
1751 1592 1794 1648 dlii

1007 1682 1106 1738 nabilis
1119 1683 1170 1738 riri
1183 1684 1216 1740 tt.
1228 1684 1330 1740 domiui
1341 1683 1425 1756 cipri,
1437 1685 1632 1757 perpendimus
1645 1687 1795 1747 euidenter,

1007 1773 1066 1844 ipse
1085 1773 1131 1829 lici
1155 1772 1309 1839 seientiam.
1330 1773 1389 1842 eins
1408 1774 1585 1844 inspiratione
1600 1775 1756 1839 dumtaxat,
1771 1778 1795 1831 in

972 1863 993 1920 tt
1007 1864 1195 1936 singularitate
1213 1866 1275 1923 ildei
1289 1866 1457 1937 possidebat
1469 1865 1620 1923 itomanam
1639 1869 1798 1935 ecclesiam,

1006 1959 1093 2029 capud
1106 1966 1135 2014 et
1146 1958 1304 2029 magistram
1319 1958 1496 2015 ecclesiarum
1517 1959 1640 2016 oninium
1666 1974 1796 2031 recogno·

1007 2063 1096 2115 scens,
1114 2047 1187 2120 Cipri
1203 2048 1331 2116 insulam,
1347 2048 1586 2120 eujusdominiunt
1599 2049 1696 2106 diuina
1710 2050 1796 2122 potius

1007 2141 1145 2196 eredimus
1167 2158 1249 2214 quam
1274 2143 1391 2198 bumana
1415 2144 1439 2198 ei
1463 2154 1598 2214 potestate
1619 2143 1795 2207 collatuma

1007 2232 1064 2288 suis
1075 2232 1180 2288 tandem
1192 2234 1332 2290 erroribus
1345 2249 1394 2290 sao
1403 2233 1523 2305 diligenti
1536 2235 1627 2291 studio
1640 2247 1794 2290 reuocatam

1007 2323 1141 2382 abeluaio
1159 2326 1384 2385 lermentatarum
1404 2328 1532 2385 scismate
1550 2328 1584 2382 ad
1600 2331 1736 2385 tantitatem
1753 2346 1794 2382 or·

1008 2414 1107 2471 todoxe
1119 2417 1213 2472 matris
1225 2417 1340 2474 ecclesie
1351 2418 1480 2474 reducere
1494 2419 1584 2474 stadio
1599 2433 1629 2474 se
1644 2418 1794 2481 contendit,

1007 2506 1078 2561 sicut
1092 2520 1141 2577 per
1155 2507 1281 2564 dilectum
1298 2507 1381 2563 lilium
1402 2509 1562 2580 magistratu
1579 2508 1611 2565 ti.
1628 2510 1796 2565 arciridiacu-

1009 2614 1072 2654 num
1090 2597 1298 2666 Laudicensem,
1321 2601 1446 2656 nuntiant
1470 2615 1560 2666 sttutn,
1587 2600 1680 2656 rirunt
1708 2603 1796 2669 utique

1008 2686 1150 2754 procidam
1171 2697 1199 2744 et
1220 2687 1377 2756 discretam,
1393 2690 1470 2745 nobis
1484 2700 1527 2746 est
1543 2690 1719 2745 rnaniiestins
1739 2689 1796 2745 inti·

1008 2787 1128 2844 matum;
1141 2779 1319 2849 omnipotenti
1332 2781 1387 2835 beo
1402 2792 1493 2851 grates
1506 2780 1652 2837 celeritnns
1664 2786 1796 2851 copiosas,

1008 2877 1036 2926 et
1059 2884 1107 2926 sne
1131 2871 1282 2926 devotionis
1307 2869 1441 2927 lerroresn
1467 2871 1655 2941 plurintnmin
1680 2871 1793 2929 liatnino

1008 2959 1215 3016 costaentlantus.
1232 2959 1311 3016 Certa
1332 2961 1425 3030 tutique
1440 2962 1516 3016 rtobis
1530 2970 1571 3016 est
1587 2961 1689 3018 desua
1710 2963 1796 3034 probi·

1009 3057 1064 3105 tate
1087 3047 1197 3116 fiducia,
1214 3065 1275 3106 cum
1299 3050 1362 3106 iilud
1379 3051 1453 3105 inter
1472 3050 1524 3105 alla
1540 3066 1711 3107 summamus
1732 3054 1797 3106 inte·

171 3120 317 3178 0011111110·
342 3120 371 3176 Si
398 3120 460 3191 (liii
479 3129 569 3176 ‘'⁰¹0¹'‘
593 3119 644 3175 ¹¹⁰⁰
669 3127 804 3174 ’flemis‘
825 3134 957 3190 limum·
1011 3139 1067 3195 rius
1082 3148 1272 3212 argumentum
1294 3139 1377 3211 qnod,
1397 3140 1541 3197 recolende
1558 3141 1706 3207 mentoris,
1725 3140 1797 3198 iero·

171 3215 267 3285 pserit,
284 3212 494 3282 indignationem
510 3210 705 3277 omnipotentis
717 3210 763 3266 ttci
776 3218 803 3266 et
814 3211 956 3267 beatomm
971 3188 994 3251 c
1009 3231 1181 3289 ,oppugnas
1197 3233 1332 3303 qnonggm
1348 3248 1394 3288 m
1410 3231 1495 3288 (meg
1509 3247 1574 3287 ,uns
1596 3233 1673 3302 (57),
1700 3247 1730 3288 ξ,
1750 3247 1796 3303 Ν,

95 3355 97 3360 .
172 3305 245 3362 Petri
261 3313 289 3361 et
311 3302 386 3359 Pauli
402 3300 586 3372 apostolorum
608 3302 667 3371 ejus
688 3315 718 3357 se
737 3303 842 3358 noterit
864 3303 956 3360 incur·

171 3412 275 3453 surum.

207 3489 302 3544 batum
318 3487 457 3555 Laterani,
469 3502 503 3542 ar
518 3484 654 3543 Kalendas
669 3484 768 3554 llartil,
782 3487 956 3556 pontificatus

172 3582 258 3640 nostri
273 3595 344 3637 anno
361 3581 466 3651 quintu.

467 3690 593 3747 ccxlii
609 3693 658 3746 tis.

172 3813 214 3867 ed
236 3813 345 3875 cleram,
366 3815 500 3876 magnates
523 3812 547 3856 et
562 3803 661 3870 piciens
681 3803 959 3874 epicaenum-sr-

208 3883 315 3952 anilicat
337 3898 375 3947 se,
399 3886 499 3948 petente
523 3872 654 3926 Antalricu
679 3890 746 3940 repe,
772 3875 957 3929 Laodicemem

205 3953 431 4010 araitidiacuntsnr,
447 3955 471 3999 et
490 3944 603 3996 staturam
618 3942 697 4013 Cypri
713 3946 899 3998 aartceliurium
915 3949 959 3999 de·

207 4020 306 4090 legasse
320 4031 347 4074 ιιι
364 4021 391 4075 in
410 4021 460 4073 ltaa
480 4011 585 4070 insuta.
612 4019 746 4080 irrisusque
766 4017 957 4081 sciristnntico,

208 4093 335 4159 artithuid
351 4092 385 4142 nd
400 4091 473 4142 dates
490 4085 615 4143 iicctesnc
629 4088 801 4153 ronlerettdus
818 4094 957 4151 spectaret,

208 4164 377 4216 nottoittonte
391 4158 573 4224 appellationis
590 4155 736 4220 obstaculo,
756 4157 918 4208 ordinarent.

403 4251 550 4321 (Laterani,
567 4250 648 4305 Febr.
668 4247 726 4314 10.)

174 4347 224 4420 (iis
237 4343 423 4408 blas-Larum,
440 4344 557 4398 Histoire
568 4344 599 4395 de
618 4341 673 4395 l'ile
689 4343 721 4394 de
736 4339 847 4411 Cirppre.
866 4340 955 4402 Paris.

210 4437 289 4502 tuat,
313 4435 396 4499 ine,
415 4451 448 4490 tt·
469 4437 566 4503 partie.
591 4434 765 4496 boctnnents,
789 4449 816 4500 p.
837 4431 898 4497 599,
922 4448 955 4485 cr

1008 3321 1124 3377 ecclesia
1141 3337 1248 3376 rnatum
1264 3322 1429 3378 detensionis
1453 3324 1593 3393 opposuit,
1621 3332 1649 3380 et
1666 3337 1747 3377 snatn
1772 3324 1796 3377 1ιι

1008 3412 1131 3483 pluribus
1144 3422 1273 3482 expertus
1289 3423 1331 3468 est
1346 3415 1527 3469 constantiana
1548 3413 1706 3484 probitatis.
1723 3414 1797 3471 Cete·

1010 3523 1081 3572 rnm,
1097 3506 1196 3561 autiitis
1209 3505 1361 3560 deuotionis
1376 3514 1403 3559 ct
1420 3505 1526 3560 sincere
1537 3504 1798 3578 iudeisucpctitioni·

1009 3595 1797 3672 bus,upostolatuinostroaffeetaaseporrectis,cumgrata

1009 3705 1123 3746 ascensu
1136 3700 1228 3745 sottum
1240 3704 1317 3744 suum
1331 3703 1363 3742 ac
1383 3689 1546 3744 desideriunt
1563 3704 1731 3759 promouere
1745 3694 1797 3750 rol.

1008 3779 1106 3843 lentes,
1123 3781 1194 3834 dieto
1209 3780 1337 3848 ntagistro
1352 3777 1383 3834 B.
1397 3788 1424 3832 et
1438 3778 1537 3833 dilecto
1547 3779 1633 3835 trlioal
1647 3780 1796 3858 (latrolidtl

1010 3871 1174 3928 cancellario
1188 3870 1270 3940 Cipri.
1292 3869 1364 3924 tices
1380 3878 1489 3924 nostras
1508 3870 1535 3925 in
1556 3871 1608 3927 bae
1624 3884 1705 3942 parte
1724 3878 1798 3932 duxi·

1010 3976 1071 4017 mas
1087 3957 1309 4022 committendas,
1326 3966 1353 4010 ut
1368 3956 1497 4024 ouicqnid
1518 3959 1631 4023 exinde,
1646 3970 1705 4015 tant
1722 3977 1798 4029 super

1010 4054 1124 4110 decimis
1138 4067 1219 4122 quant
1239 4052 1349 4106 dotibus
1365 4051 1480 4108 ecclesie
1501 4052 1707 4122 conferrendis,
1724 4058 1797 4126 digne

1010 4161 1071 4202 cum
1096 4144 1150 4199 tica
1174 4143 1291 4197 uiderint
1317 4145 1490 4197 statuendam
1516 4147 1608 4197 trustra
1630 4147 1797 4200 autitoritatc

1009 4238 1078 4304 lieri,
1092 4237 1151 4292 sinc
1164 4235 1353 4305 appellationis
1366 4235 1516 4300 obstaculo,
1532 4250 1584 4290 uon
1611 4234 1744 4292 differant
1758 4254 1797 4291 or·

1008 4330 1113 4393 dictare,
1129 4328 1200 4399 quad
1217 4337 1306 4382 ratntn
1324 4342 1372 4382 nos
1392 4325 1523 4382 iaciemus
1536 4336 1564 4382 et
1583 4326 1697 4384 ltrntum
1716 4332 1797 4386 intio·

1009 4421 1127 4474 labiliter
1148 4419 1298 4473 oltserrari.
1321 4418 1438 4487 ideoque
1458 4418 1629 4473 uuisersitasi
1649 4433 1742 4478 restra
1755 4435 1797 4492 per

207 4527 374 4585 citartuiario
389 4526 497 4581 Sanctae
514 4523 622 4594 Sopltiae
637 4525 756 4588 i'ettetre,
769 4523 861 4576 altaria
878 4539 903 4576 n.
916 4522 956 4595 1,]
973 4511 1154 4584 liapostolica
1171 4510 1272 4579 scripta
1289 4508 1462 4579 precipiendo
1486 4513 1649 4565 mandamns
1666 4526 1797 4582 qnatenus

205 4621 382 4683 Caussarum,
400 4618 551 4687 episcopus,
578 4629 674 4670 servus
690 4627 830 4667 serrorum
849 4611 904 4674 bei,
918 4615 958 4667 di·

173 4709 250 4766 lectis
264 4709 335 4775 liliis,
356 4707 438 4770 clero.
456 4705 626 4777 magnatibus
645 4714 671 4758 et
692 4702 791 4773 populo
805 4703 896 4774 Cypri,
913 4718 958 4758 sa·

172 4800 255 4855 iutem
276 4809 304 4856 et
319 4799 494 4870 apostolicam
515 4795 742 4853 benedictionem.

206 4885 957 4956 Fundaritiieusinunitateltdeisuprapctramecclesie

172 4979 385 5044 firmamentum,
399 4980 476 5050 cnjus
489 4979 558 5033 asni
573 4979 710 5033 nascentis
724 4979 845 5045 exordio,
859 4976 956 5032 coliata

172 5072 254 5129 beata
267 5069 347 5124 Petra
357 5069 470 5138 ejusque
485 5068 594 5121 sicariis
608 5074 750 5136 potestate,
767 5065 886 5118 ltontane
900 5065 956 5117 sedi

173 5161 330 5234 primatium
354 5159 480 5222 cotttulit,
503 5169 531 5213 et
559 5157 671 5212 indulsit
696 5158 783 5210 tocins
808 5155 956 5224 tnagisterii

174 5253 370 5321 principatuttt;
396 5264 427 5303 es
450 5262 502 5317 qua
524 5248 547 5302 si
568 5247 679 5316 quidctn
700 5261 748 5315 per
771 5256 862 5315 partes
882 5245 958 5300 orbis

173 5341 303 5412 plurimas
323 5348 352 5396 et
369 5340 489 5396 diuersas
505 5341 531 5394 in
556 5341 636 5394 nntius
653 5339 776 5393 doctrina
796 5338 893 5405 spiritu
913 5350 958 5389 cc·

152 5431 265 5497 =ctesia‚
295 5432 367 5486 reiut
390 5446 405 5485 a
430 5438 514 5484 tnatre
535 5430 591 5485 blie
613 5439 755 5499 procreate
779 5427 813 5481 ab
836 5428 956 5496 ejusdem
983 5451 985 5455 v

174 5523 304 5578 uberibus
321 5524 348 5577 in
363 5523 566 5579 edificacionem
584 5522 703 5577 itdeiium
727 5521 767 5576 iac
790 5522 957 5585 nutriantur,

174 5616 329 5673 necessaria
353 5628 496 5684 suggerere
520 5615 703 5681 documenta,
726 5622 756 5668 ut
780 5613 842 5667 inde
863 5627 958 5667 uattrcs

209 5773 265 5844 (ai)
277 5772 313 5830 Lo
328 5772 366 5830 toi
376 5770 434 5844 Gttp
445 5772 477 5826 de
492 5772 637 5846 Lttsignam

1009 4601 1086 4672 ipsis,
1101 4613 1129 4656 ut
1144 4617 1225 4671 snper
1247 4602 1400 4671 ltnjusntodi
1422 4601 1535 4656 liberunt
1558 4603 1666 4671 possint
1682 4614 1711 4660 et
1727 4616 1797 4676 opta·

1009 4705 1065 4750 tum
1082 4696 1108 4749 in
1126 4695 1238 4752 bantino
1255 4699 1356 4751 babere
1373 4709 1541 4766 processum,
1559 4695 1722 4764 diligentem
1739 4713 1798 4765 ope·

932 4812 936 4818 ·
1009 4802 1078 4850 ranna,
1102 4787 1232 4849 inrorant,
1248 4789 1433 4842 consiliumet
1449 4787 1590 4850 nutritium,
1610 4788 1797 4856 appellatione

1008 4880 1138 4948 seposita,
1155 4879 1286 4933 exbibcre
1300 4889 1327 4931 ct
1345 4878 1470 4933 conterre
1487 4879 1598 4932 curetis.

1044 4970 1138 5024 liattttm
1152 4970 1290 5036 Laterani,
1306 4985 1321 5023 x
1337 4968 1396 5027 liat.
1426 4969 1526 5035 biarlii,
1550 4971 1732 5040 pontificatus
1755 4989 1797 5030 nb·

1010 5067 1059 5121 stri
1075 5081 1145 5121 ιιιιιο
1158 5065 1262 5134 quinto.

1325 5154 1473 5211 cettttt.

1010 5270 1155 5325 Ecclesiam
1173 5269 1203 5324 S.
1227 5270 1322 5323 Albani
1337 5267 1510 5323 basileensem
1534 5272 1660 5326 tuendam
1679 5273 1797 5344 suscipit,

1167 5352 1190 5394 et
1206 5341 1263 5409 ejus
1281 5341 1348 5392 botru
1359 5339 1473 5408 juraque
1486 5342 1637 5406 cundrntat.
1705 5379 1708 5384 v

1099 5497 1101 5500 ἢ
1238 5431 1388 5496 (Laterani,
1405 5429 1486 5484 i'eltr.
1508 5429 1566 5500 11.)

1163 5522 1345 5594 (Sanctarum,
1361 5522 1417 5576 Ala.
1437 5523 1513 5589 dipl,
1533 5521 1646 5596 1301.)

1046 5614 1224 5670 Ctstusrtaus
1237 5616 1389 5685 episcopus,
1406 5629 1501 5670 servus
1522 5627 1664 5669 serrorum
1685 5617 1748 5684 Dei,
1762 5615 1803 5674 di·

1047 5777 1102 5846 (att
1119 5776 1208 5838 dlain,
1225 5775 1268 5844 qui
1286 5775 1378 5830 derint
1398 5774 1569 5845 archerdqne
1591 5774 1625 5830 de
1645 5772 1766 5833 Nicosie.
