3960 6314
290 332 360 391 titt
932 328 1130 394 centesimi
1148 333 1182 392 lil
1200 334 1301 393 PAPAE
1858 334 1925 394 lll‘l

291 454 393 508 mittat.
409 449 438 506 st
455 464 519 509 tero
531 447 684 525 opiscopus.
701 452 729 508 ln
742 453 821 522 cuins
831 453 959 525 parocbia
982 455 1078 512 domus
1093 473 1115 524 Α
1130 471 1145 508 ιι
1162 453 1408 524 praedecessoribus
1421 455 1524 513 nostris
1540 454 1669 513 Romanis
1685 454 1868 527 porutiticibus
1882 470 1914 510 or

291 549 382 596 restra
415 538 529 599 lrrturlata
553 554 608 611 est,
622 559 685 600 eum
702 544 858 602 bumilitate
885 560 917 600 ao
937 545 1081 601 devotione
1133 543 1189 598 diui
1204 553 1295 600 restro
1309 558 1466 611 concessas,
1479 561 1532 603 nec
1551 563 1606 603 uon
1627 547 1773 604 libertates
1795 554 1824 601 et
1839 561 1927 601 esem·

290 646 346 702 quc
363 636 503 704 contenit,
520 637 668 709 requisitus
686 637 861 696 sttlrstitntum
886 639 1011 696 abbatem
1033 636 1081 692 ite·
1133 637 1241 707 ptioues
1264 637 1437 694 santaricus
1460 640 1634 695 exactionum
1649 656 1666 696 s
1681 639 1795 707 regibus
1806 647 1835 694 ct
1851 641 1925 709 prin·

291 727 429 792 nediecre,
443 737 470 785 et
493 729 546 784 alia
570 744 631 799 que
645 730 678 784 ad
698 727 815 786 odicium
831 731 984 801 episcopale
998 733 1081 802 perti·
1132 728 1251 797 cipibus,
1265 728 1308 783 rel
1333 729 1394 786 aliis
1420 727 1545 785 lideiibns
1568 731 1769 786 rationabiliter
1785 729 1865 785 robis
1886 730 1928 784 io-

291 825 367 884 uent,
391 819 467 875 robis
491 819 616 878 conlerre
648 826 778 889 rcnnerit,
801 824 905 881 licitum
932 822 969 878 sit
991 824 1081 877 cidens

290 910 394 978 abbati,
409 910 432 967 ti
456 920 546 968 temen
563 915 694 972 sacerdos
711 917 802 978 buerit.
816 914 940 984 proprios
963 914 1082 971 nutritios

291 1000 463 1068 benedicere,
477 1013 503 1061 et
517 1004 571 1061 alia
583 1021 653 1078 ⁸quar
666 1008 700 1063 ad
713 1007 829 1064 odicium
846 1021 926 1062 suum
942 1007 1081 1076 pertinent

289 1105 427 1156 exercere.
440 1103 467 1150 ct
481 1093 561 1152 robis
570 1098 661 1152 oretria
675 1096 710 1152 ab
721 1096 775 1152 alto
790 1096 919 1166 episeopo
927 1097 1082 1166 percipere,

290 1199 380 1255 ques
396 1195 489 1243 restro
504 1186 608 1244 luerint
621 1187 742 1243 indebite
764 1188 910 1258 derreqato,
925 1186 991 1242 illud
1013 1187 1082 1254 aiiii·

290 1279 407 1348 cientes,
421 1288 451 1336 ιιι
466 1281 492 1336 in
509 1280 671 1350 recipiendis
689 1277 989 1351 professionibusque
1003 1293 1020 1331 a
1035 1277 1081 1333 lte·

289 1367 407 1427 nedietis
427 1369 468 1425 rel
487 1369 681 1427 benedicendis
699 1370 843 1428 abbatibus
861 1368 1033 1432 esiuibentur,
1047 1383 1080 1424 ca

290 1458 346 1519 tint
359 1459 479 1531 episcopi
495 1461 584 1517 torma
596 1472 623 1518 et
637 1464 813 1533 expressione
825 1462 957 1526 conteuti,
972 1475 1032 1531 qute
1046 1460 1080 1514 ab

289 1573 395 1646 origine
408 1575 513 1632 ordinis
528 1576 649 1634 noscitur
673 1576 810 1646 instituta,
826 1587 857 1634 nt
871 1577 976 1634 scilicet
999 1577 1082 1632 abba-

290 1676 332 1723 tes
346 1668 396 1740 ipsi
413 1668 489 1725 salro
502 1669 600 1727 ordine
610 1685 660 1728 sno
671 1672 794 1736 probiori
809 1672 937 1738 debcant,
949 1679 976 1726 et
987 1676 1080 1722 corrtra

288 1768 393 1815 statuta
421 1761 525 1819 ordinis
556 1762 599 1818 sui
628 1762 728 1818 nnllam
763 1764 958 1834 professionem
988 1760 1081 1815 lacere

1133 817 1223 873 duitas
1249 819 1415 876 auctoritate
1428 819 1575 890 apostoliea
1600 824 1797 879 confirmanius
1811 831 1840 878 et
1856 835 1927 893 pra·

1133 909 1219 966 tentis
1236 911 1332 980 scripti
1344 912 1490 985 privilegio
1501 915 1714 970 cornutuuiuurs.

1168 1002 1346 1060 beeerttimus
1359 1015 1473 1074 erqo,ttt
1487 1007 1554 1063 nulli
1566 1007 1678 1062 onttriuo
1688 1005 1837 1063 borninnrn
1849 1007 1927 1063 liceat

1134 1097 1276 1168 prestatura
1291 1097 1489 1153 monasterium
1504 1105 1607 1154 temere
1620 1097 1798 1167 perseniam,
1808 1108 1857 1151 aut
1871 1100 1928 1168 ejus

1133 1188 1322 1256 possessiones
1334 1185 1456 1249 auferre,
1468 1185 1511 1242 rei
1525 1185 1632 1242 oblatas
1647 1188 1780 1253 retinere,
1791 1186 1924 1249 uriuuere,

1134 1293 1183 1334 seu
1214 1278 1383 1348 «quibuslibet
1407 1277 1599 1334 uexationibus
1611 1276 1749 1348 fatigaret
1769 1279 1821 1335 sed
1838 1279 1926 1334 ontoia

1134 1371 1238 1442 integra
1261 1380 1460 1425 conserventur
1471 1384 1579 1436 corum,
1592 1384 1644 1441 pro
1656 1385 1774 1439 quornm
1797 1370 1928 1442 guberne·

1135 1463 1209 1518 tione
1220 1477 1253 1517 ec
1268 1461 1465 1518 sustentatione
1490 1474 1623 1518 concessa
1638 1472 1716 1528 suut,
1731 1463 1830 1519 usibus
1842 1462 1930 1519 outrai-

1135 1554 1223 1610 modis
1236 1552 1392 1624 protutura,
1406 1553 1483 1608 tulta
1496 1553 1737 1625 sedisapostolicae
1749 1553 1928 1609 auctoritate.

1135 1646 1164 1701 st
1180 1661 1234 1715 qus
1250 1644 1332 1712 ipitur
1343 1645 1371 1698 iu
1396 1642 1518 1701 luturttnt
1539 1644 1728 1702 ecclesiastica
1754 1645 1929 1701 saecultrisre

1134 1737 1345 1810 prrsotra,banc
1356 1746 1458 1792 nostrte
1467 1737 1672 1793 constitutionis
1686 1738 1817 1808 pagiuanr
1829 1737 1929 1802 sciens,

288 1851 505 1923 compensatum
528 1868 578 1923 pro
591 1855 843 1911 consecrationibus
862 1870 928 1910 uero
952 1853 1078 1909 altarium
1099 1825 1228 1886 ”mum
1244 1844 1305 1885 ⁸²¹⁰
1328 1838 1432 1885 ΜΒΝ
1458 1827 1551 1883 ’θ”ῑῐθ
1575 1828 1796 1899 lll³⁸¹¹¹¹¹l⁵efi¹r
1810 1829 1931 1884 ⁵0⁰¹¹⁸¹¹⁰

288 1952 316 2000 et
330 1943 592 2010 eeclesiarum,sire
614 1960 663 2016 pro
684 1945 746 2003 oleo
770 1957 878 2012 saneto,
892 1945 934 2002 rel
958 1943 1080 2016 quolibet

288 2037 468 2095 eeclesiarum
483 2049 661 2096 sacramento
673 2039 764 2097 nultus
779 2056 794 2095 a
811 2040 886 2097 robis
901 2039 952 2095 sub
968 2039 1079 2094 obtentu

288 2132 507 2198 consuetudinis,
524 2132 565 2190 rel
581 2133 635 2188 alio
648 2133 729 2188 morlo
749 2133 897 2203 quidquam
914 2130 1014 2184 anrieat
1032 2142 1079 2184 cx·

290 2231 431 2290 torquere,
448 2223 495 2279 sed
525 2223 583 2279 btee
607 2224 699 2278 urania
725 2221 811 2292 pratis
833 2221 911 2276 robis
934 2218 1080 2292 episeopus

288 2317 459 2372 ulioeecsauus
481 2317 630 2385 impendat,
647 2315 766 2385 alioquin
788 2315 867 2369 liceat
888 2313 965 2369 robis
985 2329 1081 2383 qucnra

288 2418 397 2476 cunque
415 2405 567 2460 trurdueritis
580 2404 745 2460 catirelieuru
761 2405 839 2458 adire
854 2404 1004 2459 antistitem
1019 2419 1080 2472 pra·

291 2494 357 2550 tiam
371 2504 398 2552 et
414 2495 634 2551 eounrnurioncm
656 2506 837 2551 sacrosanctae
853 2494 983 2550 liumnnar
1008 2496 1081 2549 sertis

291 2588 446 2654 lubentem,
456 2590 504 2660 spui
519 2600 612 2644 nostra
630 2587 714 2642 iretur
728 2590 892 2642 atteteritate
908 2591 995 2655 uobis,
1009 2589 1081 2660 quoti

289 2678 462 2748 postulatur.
493 2681 742 2752 insperrdatzqnud
773 2681 797 2734 si
817 2680 897 2736 sedes
932 2677 1080 2734 slioecesani

290 2773 411 2844 episcopi
432 2773 503 2830 lurte
526 2775 677 2840 rarfarerlt,
706 2773 814 2830 interint
838 2771 928 2827 oraturia
950 2771 1081 2827 ecclcsia-

289 2869 358 2924 ttica
372 2879 545 2924 ttetatncnta
560 2883 575 2922 a
593 2869 689 2923 ricittis
708 2865 844 2938 rp⁷scopis
857 2865 980 2934 accipiere
999 2865 1082 2921 iibere

289 2970 315 3017 ιι
330 2961 434 3032 absque
456 2960 674 3017 celsitudinibus
698 2961 826 3030 possitis;
842 2960 881 3017 sic
900 2968 989 3014 lttntett
1006 2969 1034 3014 ιιι
1049 2972 1081 3014 ex

290 3052 342 3107 lube
358 3057 384 3106 lu
401 3061 539 3122 posterum
557 3049 675 3121 propriis
695 3052 831 3123 episeopis
857 3051 963 3106 trullunn
984 3047 1084 3119 preje-

290 3143 391 3198 dlcinm
414 3152 573 3215 generetur.
591 3141 661 3209 Quia
679 3157 745 3197 reru
760 3143 895 3201 interdum
912 3141 1082 3212 propriorum

289 3234 482 3306 episcoporum
503 3232 608 3300 cepisru
633 3231 822 3298 restituistis,
837 3232 859 3288 si
874 3245 954 3301 quoru
976 3227 1084 3297 episeo-

289 3342 387 3400 porum
415 3326 546 3382 Ronmnte
561 3326 643 3391 sedis,
666 3338 696 3380 ιιι
714 3326 842 3392 diximus,
863 3322 1082 3380 communionem

290 3419 447 3482 ltabentcm.
459 3429 487 3473 ct
499 3419 533 3473 de
547 3432 600 3487 quo
611 3416 720 3488 plenam
734 3417 861 3472 notitioni
875 3413 1018 3478 lrabeatis,
1034 3425 1084 3481 per

290 3531 341 3571 ros
365 3513 482 3569 transire
507 3511 663 3582 eontigerit,
680 3510 715 3566 ab
734 3525 765 3564 eo
781 3509 985 3566 berredietioues
1004 3521 1085 3562 tuse-

291 3622 353 3665 rum
381 3615 409 3663 et
431 3604 561 3670 restium,
575 3602 799 3660 consecrationes
814 3600 952 3665 altarium,
972 3599 1083 3655 ordina·

292 3702 380 3758 tiones
406 3698 603 3755 mortariorum
640 3696 802 3752 anctoritate
829 3691 985 3763 apstolicae
1010 3690 1084 3745 sedis

293 3793 416 3865 recipere
435 3792 559 3848 ualeatis.
576 3788 660 3844 Porro
682 3788 705 3843 si
727 3786 857 3856 episcopi,
873 3782 915 3839 rei
936 3783 981 3838 alii
997 3782 1084 3838 ecclc·

293 3886 396 3943 sianuu
416 3889 536 3939 rectores
551 3881 578 3936 iu
594 3877 760 3933 monasteria
775 3883 875 3940 restra,
893 3872 937 3930 tel
952 3886 1085 3943 personas

294 3977 362 4035 tuibi
386 3974 549 4031 constituens
563 3969 763 4035 suspensionis,
780 3964 1084 4030 excommnuicationis,

294 4071 336 4127 rel
352 4067 491 4127 interdicti
507 4065 672 4121 seutentiam
683 4058 990 4132 prontulqareriut,sire
1001 4057 1085 4112 etiam

293 4163 322 4219 in
338 4159 521 4218 mercenarios
536 4165 642 4211 uestros
666 4169 714 4224 pro
729 4169 775 4219 eo,
792 4152 864 4223 quod
890 4151 1008 4207 decimas
1030 4163 1084 4204 uon

294 4256 409 4320 solvitis,
425 4253 468 4308 rel
493 4252 582 4322 aliqua
605 4249 749 4305 occasione
762 4261 868 4312 eorum,
889 4260 949 4315 qua·
974 4246 1006 4297 ab
1024 4258 1085 4313 apo·

295 4346 391 4405 stolica
414 4344 583 4414 benignitate
609 4341 685 4396 robis
713 4339 814 4393 nudulte
838 4348 919 4399 surrt.
936 4351 983 4392 scu
1002 4334 1085 4390 bene·

294 4438 414 4497 lectores
428 4446 545 4503 uestros,
561 4449 611 4506 pro
624 4448 657 4489 eo
670 4432 742 4502 qnod
757 4430 846 4499 aliqua
860 4430 937 4484 robis
952 4426 1085 4484 beneticiu

1131 1922 1248 1978 tertiore
1262 1922 1439 1986 commonita,
1449 1919 1501 1976 nisi
1516 1921 1755 1990 presumptionem
1772 1934 1857 1976 strant
1868 1935 1929 1976 eorr-

1130 2031 1197 2085 grus
1212 2013 1401 2070 satisfactione
1414 2013 1578 2073 eorrexerit.
1588 2013 1736 2083 potestatis
1759 2013 1930 2083 honorisque

1130 2107 1172 2162 sui
1202 2115 1297 2162 eareat
1326 2107 1472 2177 dignitate,
1493 2120 1624 2176 reamque
1653 2119 1682 2160 se
1709 2105 1807 2160 dirirto
1830 2105 1930 2174 judicio

1130 2200 1251 2257 existere
1280 2199 1316 2256 de
1342 2208 1501 2270 perpetrate
1528 2197 1671 2266 iniquitate
1694 2209 1860 2265 requiescet,
1874 2210 1929 2254 eta

1131 2293 1323 2352 saeratissimo
1352 2307 1471 2363 corpure
1499 2307 1533 2348 ac
1552 2291 1746 2363 serignineliei
1764 2301 1793 2346 et
1823 2290 1928 2348 Ilounui

1134 2385 1325 2457 lledcunptoris
1342 2384 1430 2441 nostri
1445 2383 1509 2440 lesu
1535 2383 1635 2440 Christi
1656 2381 1747 2438 elicita
1770 2383 1833 2449 llat,
1849 2394 1930 2450 atque

1135 2481 1165 2535 ln
1180 2491 1306 2535 extremo
1320 2477 1447 2533 esarnine
1461 2478 1559 2534 dirintc
1575 2477 1669 2533 tuitioni
1686 2477 1842 2546 subiacent.
1859 2478 1929 2533 Curr-

1133 2571 1186 2627 ctis
1202 2581 1291 2624 arimin
1304 2570 1393 2625 eirlern
1406 2568 1468 2624 loco
1487 2584 1536 2624 sua
1549 2569 1613 2640 jura
1636 2568 1814 2625 serr-autibus
1831 2572 1866 2624 sit
1881 2585 1931 2639 pat,

1132 2661 1239 2720 liorudui
1255 2661 1340 2715 nostrl
1358 2658 1422 2716 lesu
1435 2661 1550 2726 Christi,
1566 2671 1701 2731 quatenus
1713 2672 1740 2716 et
1753 2662 1800 2717 bie
1812 2660 1929 2718 srttctrun

1133 2759 1212 2812 lione
1234 2755 1354 2810 actionis
1372 2753 1536 2824 percipiant,
1552 2763 1579 2809 et
1599 2754 1671 2823 uprud
1688 2753 1849 2808 districtum
1863 2752 1929 2821 iudi·

1132 2864 1193 2906 eccur
1211 2848 1323 2918 petentia
1338 2858 1450 2903 uterus}
1466 2846 1541 2919 prucis
1555 2846 1706 2902 irrreuiant.
1720 2848 1827 2911 Arnen,
1838 2860 1929 2909 atrion,

1134 2956 1225 2996 sinen.

1171 3035 1228 3106 Ego
1243 3034 1418 3094 Cteiestinns.
1435 3031 1578 3087 catholicas
1590 3031 1718 3089 Ecclesiae
1738 3033 1898 3105 episcopus.

1171 3124 1229 3194 Ego
1244 3125 1371 3190 Albinus,
1387 3123 1549 3178 Albanensis
1563 3125 1717 3193 episeopus.

1173 3216 1422 3287 trancurrimus,
1437 3213 1572 3270 Ostiensis
1586 3225 1614 3270 et
1629 3213 1811 3273 bitterrensis
1825 3221 1929 3289 episeo-

1133 3332 1195 3391 pus.

1170 3411 1226 3479 Ego
1238 3411 1367 3478 luatmes,
1384 3406 1576 3463 l‘rtetrestiuus.

1169 3502 1225 3571 Ego
1241 3502 1348 3568 Pctrns,
1361 3499 1522 3555 l‘urtuensis
1534 3508 1561 3554 et
1576 3496 1683 3553 Stucttc
1700 3495 1812 3552 Rubriae
1825 3499 1928 3569 episee·

1134 3612 1195 3666 pus.

1170 3686 1227 3756 Ego
1253 3683 1410 3752 Ptrrrrlullus,
1442 3682 1560 3740 basilice
1575 3681 1623 3738 stt
1647 3679 1847 3751 Apostolorum
1873 3696 1927 3753 pre

1134 3781 1228 3850 sirytrr
1239 3781 1395 3834 cardinalis.

1174 3873 1228 3942 Ego
1242 3871 1346 3938 lli-lior,
1362 3873 1526 3928 Structorutn
1544 3869 1657 3927 ioannis
1671 3880 1699 3926 ct
1711 3869 1793 3926 Pauli
1816 3872 1928 3942 presby-

1135 3970 1178 4018 ter
1191 3963 1337 4018 condiendis
1352 3964 1429 4018 titulo
1444 3962 1623 4018 Pamuraririi.

1172 4055 1228 4126 Epo
1241 4055 1385 4120 tortarius,
1400 4058 1507 4112 Sentetes
1520 4056 1697 4111 l‘udeurianas
1712 4055 1795 4111 titulo
1812 4057 1929 4112 Pastoris

1135 4148 1281 4219 presbyter
1292 4149 1451 4205 cardiuatis.

1173 4239 1230 4309 Ego
1242 4238 1370 4303 Jttattttes,
1384 4241 1431 4295 Dei
1455 4242 1540 4311 qratia
1556 4240 1679 4298 ccclesia
1692 4239 1788 4296 Sancti
1808 4241 1930 4298 Clentcn·

1137 4333 1172 4387 tis
1186 4329 1332 4385 cardinatis
1348 4333 1501 4400 presbyter.

1173 4421 1228 4489 Ego
1254 4421 1352 4487 Cnido,
1367 4423 1508 4491 presbyter
1532 4422 1680 4477 cardinatis
1706 4421 1820 4481 sturiae
1846 4426 1930 4480 bieria

294 4534 338 4588 rel
352 4531 481 4602 obsequia
496 4543 529 4585 et
545 4527 680 4584 ebaritate
694 4525 880 4592 pncstiteriut,
891 4522 932 4577 tel
949 4522 983 4576 ad
1010 4521 1085 4574 lubo-
1099 4533 1123 4589 p
1137 4511 1347 4576 Titttsssberittt.
1365 4513 1444 4567 titulo
1455 4513 1566 4569 culisti.

296 4627 410 4684 randum
421 4623 542 4696 irruerint
557 4622 583 4675 in
597 4619 649 4674 illis
663 4618 768 4683 diebus,
784 4617 810 4671 in
830 4614 927 4684 quiburs
947 4628 995 4667 rus
1012 4613 1086 4667 labo·

296 4718 375 4787 ratis,
390 4716 474 4774 etalii
490 4714 633 4779 feriantur,
653 4711 775 4765 curntlcnr
790 4709 950 4764 sententiam
967 4705 1087 4776 protnle-

297 4813 363 4876 rint,
380 4809 465 4879 ipsarn
483 4815 611 4875 tanquam
628 4811 723 4858 eontra
741 4801 813 4854 sedis
826 4800 981 4868 apostoliea·
996 4797 1086 4851 iurlrtl,

296 4913 323 4959 ta
342 4900 475 4972 prolatum
493 4900 621 4954 duximus
646 4895 817 4957 irritatuinur,
831 4906 882 4946 nee
909 4890 1008 4945 littera·
1035 4890 1088 4943 ibe

296 4994 453 5051 lirruitstem
481 4988 609 5053 itubeant,
642 5001 710 5056 quas
739 4983 821 5039 turito
851 4981 961 5036 nonriue
987 4978 1089 5034 Cister-

297 5086 398 5144 cieusis
422 5082 528 5137 ordinis
554 5089 583 5135 et
608 5089 703 5135 contro
729 5085 849 5130 tenorent
875 5072 1087 5142 apostolicorum

297 5175 502 5251 privilegiorum
517 5170 672 5227 eonstiterit
686 5167 838 5237 impetrari.
855 5164 916 5219 Paci
933 5178 1042 5233 quoque
1060 5169 1089 5218 et

299 5268 491 5340 tranquillitati
507 5273 605 5320 restite
619 5272 732 5333 patu-rua
758 5261 784 5314 iu
801 5267 939 5330 posterum
956 5256 1090 5311 sollicitu-

299 5365 363 5420 dine
378 5363 520 5433 prouidere
535 5357 670 5420 solennes,
683 5355 848 5409 aucturitnte
862 5350 1011 5420 apostolica
1025 5363 1088 5419 pro·

300 5453 435 5517 lribetntts,
453 5459 482 5504 nt
495 5449 564 5504 inira
580 5448 721 5502 clunsuras
747 5445 869 5500 tororum
892 5458 938 5496 sen
963 5441 1089 5510 grangia-

301 5554 361 5595 rnrn
375 5545 530 5594 vestrarum
547 5536 635 5591 nullus
650 5536 771 5602 supinant
795 5547 842 5587 seu
857 5532 960 5585 lrtrturu
988 5530 1087 5594 lacere,

303 5632 391 5703 ignem
408 5641 559 5700 apponere,
573 5626 733 5695 sanguinent
751 5626 876 5688 inridere,
897 5622 1032 5677 bemineru
1049 5632 1090 5675 te·

304 5731 379 5773 triete
392 5732 501 5788 capere,
515 5713 557 5772 tel
578 5714 742 5777 interlucere,
757 5731 804 5769 seu
820 5711 975 5768 violentiam
991 5712 1089 5765 autleni

305 5809 583 5866 exercerc.Prteterca
600 5821 696 5864 omues
709 5806 847 5862 libertates
861 5816 889 5860 et
905 5805 1089 5860 imrrrunitatcs

1173 4603 1475 4677 Egollngo,prcsbptet
1484 4605 1630 4662 cardinalis
1639 4605 1732 4662 Sancti
1745 4605 1847 4674 ilorci,
1858 4609 1931 4664 titulo

1137 4697 1249 4769 Equitii.

1153 4788 1230 4857 'Ego
1249 4785 1371 4852 Gentius,
1389 4787 1467 4842 tituto
1487 4785 1580 4843 Sancti
1606 4786 1748 4843 baurcurn
1776 4789 1803 4843 iu
1816 4797 1820 4808 ·
1832 4790 1930 4847 Luciua

1138 4881 1281 4950 presbyter
1298 4878 1455 4934 cardinalis.

1175 4972 1231 5041 Ego
1247 4970 1398 5036 soffredus,
1415 4968 1493 5025 titulo
1510 4969 1618 5026 Strictae
1635 4968 1768 5026 Prasedis
1787 4968 1932 5044 presbyter

1139 5064 1297 5121 cerdirtulis.
1351 5054 1355 5063 ’

1176 5156 1232 5226 Ego
1247 5154 1266 5210 F
1270 5154 1401 5220 iulntrtins,
1420 5153 1499 5209 titulo
1519 5152 1611 5209 structi
1638 5151 1761 5208 llnrcelli
1791 5158 1932 5229 presbyter

1139 5248 1298 5306 car-dirutis.

1176 5342 1232 5411 ligo
1244 5341 1371 5405 Joarrnes,
1388 5340 1466 5394 titulo
1478 5338 1586 5395 Sauetae
1600 5338 1699 5394 Prisce
1712 5339 1862 5411 presbyter
1876 5357 1933 5395 carr·

1140 5433 1249 5489 diuelli.

1178 5526 1233 5594 Ego
1257 5525 1415 5587 Gratiutnrs‚
1442 5524 1607 5579 Sanctonnn
1629 5522 1735 5578 Cosntae
1759 5532 1788 5578 ct
1812 5524 1932 5580 Darrriaui

1141 5618 1269 5672 diaconus
1284 5618 1439 5672 cardinalis.

1176 5709 1233 5780 qu
1259 5710 1406 5775 Gerendus,
1423 5709 1516 5766 Stricti
1547 5709 1660 5767 Adriani
1688 5709 1824 5768 diaconus
1850 5711 1932 5767 cardi-

1142 5803 1220 5856 italis.
