3960 6314
178 348 230 404 tts

802 344 997 402 cOEtttsttrtt
1015 345 1049 400 tlt
1069 346 1168 402 emat

1755 347 1808 399 ttto

180 457 253 515 reris
266 470 300 513 er
312 471 407 514 cruris
423 466 567 528 suspectos
582 422 709 521 bebetis.
727 456 884 513 nullatenus
899 471 968 526 pra·
981 471 1005 528 ,a
1019 456 1104 513 carneti
1112 455 1212 512 lianutl
1225 456 1365 527 martyris,
1373 453 1688 514 libertaternrillieormn
1697 460 1808 517 ntroin·

178 552 265 611 beatis
277 566 502 617 erraneamcurn
517 567 550 607 ex
570 550 623 607 ltoc
633 561 754 607 rostrum
771 551 965 606 monasterinm

178 647 280 718 injure
299 659 351 703 ruo
374 660 428 700 non
450 642 587 699 modicam
610 652 703 715 posset
721 641 859 698 sustinere
876 637 967 709 iactu·

177 750 249 791 ratu.
264 733 396 802 Quoniam
409 730 492 802 igitur
506 729 654 801 unicuique
667 731 731 785 licet
742 737 899 798 suspectum
910 728 962 784 sibi

177 823 213 880 de
234 823 342 880 ratione
351 821 472 891 judicem
484 835 623 888 recusare,
636 818 806 875 indemnitati
827 829 923 874 restrae
938 818 965 873 in

177 915 230 972 bac
249 924 328 984 parte
346 911 494 983 prouidere
518 911 653 975 uolentes,
681 909 863 980 presentibus
887 910 966 968 rubis

176 1000 277 1059 litteris
296 1002 468 1075 indulgemus
481 1013 527 1067 ut,
541 1001 565 1055 si
579 999 685 1070 praelati
700 998 933 1073 llotltomagunscs
949 1018 965 1058 a

178 1092 258 1149 nobis
281 1092 309 1147 in
336 1092 428 1163 aliqua
454 1107 536 1147 causa
554 1099 650 1149 contra
673 1090 839 1146 rosluerint
855 1092 965 1162 judices

176 1185 334 1251 curistituti,
358 1183 433 1239 nulla
458 1181 540 1250 buius
562 1181 636 1237 lacta
661 1182 801 1238 mentione
826 1183 963 1252 rescripti,

178 1275 292 1333 minime
308 1273 454 1331 teneamini
474 1276 524 1329 sub
540 1286 646 1328 corum¹
658 1273 787 1329 examine
802 1272 901 1328 restris
915 1272 965 1330 ad·

177 1365 307 1423 versariis
319 1362 494 1434 respondere.

216 1454 311 1510 batum
333 1450 475 1518 Laterani,
490 1468 516 1508 rt
539 1452 600 1508 ttnt.
626 1449 725 1515 llartii,
751 1452 852 1509 noritis.
875 1455 963 1510 nostri

176 1561 248 1601 ιιιιιο
266 1560 296 1601 ιι.

518 1655 608 1714 ctttt.

177 1765 273 1821 (linere
296 1768 415 1834 episcopo
442 1763 550 1836 Ripenri
578 1768 672 1821 aruerit
700 1783 710 1817 r
740 1782 818 1820 omne
843 1768 960 1822 debiturn

208 1838 280 1904 juria
295 1836 358 1904 regii
371 1837 441 1904 guod
454 1851 575 1890 rnrerrrer
588 1835 697 1901 Querret
712 1837 857 1903 appeliant,
866 1838 960 1891 urbani

213 1921 278 1986 turo·
287 1902 351 1984 Slfot
363 1915 386 1958 et
400 1904 531 1986 Quaerunt
543 1917 646 1985 roraret,
661 1914 686 1958 et
697 1906 837 1987 dimidiatur
849 1906 958 1976 cujacii·

211 1971 960 2123 littl'ttttltt‘ttulit?illatttltttt

216 2110 381 2207 §incitauere
396 2121 419 2163 et
433 2124 521 2162 ιιιιιιιι
531 2112 709 2181 grtadrupmto
724 2128 877 2193 ornrcurum
891 2114 960 2181 quad

212 2178 961 2329 :efflanti'tzn'ttlttttbatttriti:

213 2330 287 2371 sn.»

439 2405 587 2474 (Laterani,
597 2404 677 2462 Febr.
689 2406 749 2481 25.)

345 2516 510 2582 'lunensem
525 2517 598 2586 tttpoe
611 2514 725 2589 cunm,
742 2520 818 2593 tta]

533 2674 602 2731 ClX.

173 2787 329 2844 nonasterii
344 2786 372 2842 S.
388 2787 522 2841 Benedicti
541 2787 743 2864 ffingrtodenrir
765 2795 956 2854 ptooertionenr

198 2858 316 2927 tuttt'ttt'l.
334 2859 558 2926 peruastauerat,
577 2880 608 2918 ue
626 2864 764 2934 priuilegio
777 2864 932 2932 confirmat.

396 2967 538 3044 spoletani
549 3012 557 3039 ,
570 2972 654 3029 Febr.
667 2972 725 3045 stt.)

334 3085 485 3160 [Denircbe
497 3085 654 3155 Bibliotlrelt,
669 3084 712 3153 tlt,
727 3084 802 3159 lib]

1017 563 1116 604 norum
1138 547 1213 618 regia
1229 548 1306 603 robis
1318 549 1482 605 anctoritate
1495 563 1671 614 concessam,
1680 549 1809 622 jusregis

1017 638 1182 708 robissnper
1191 636 1329 692 rillicoset
1340 637 1454 693 colonos
1464 637 1499 693 ab
1510 642 1605 695 eodem
1620 654 1684 710 rege
1693 655 1809 695 eonces-

1017 726 1809 799 arnnSanenoraliumnestrorumquiapropriisntanibns

1018 822 1060 877 rel
1073 823 1226 892 sumptibus
1240 820 1352 884 culitis.
1372 821 1432 877 site
1450 822 1484 878 dc
1504 824 1682 879 nutrimentis
1699 825 1808 879 anirna-

1016 911 1083 967 liurn
1098 925 1251 970 vestrorum
1265 912 1357 969 nullus
1370 929 1386 967 a
1412 915 1489 971 robis
1500 916 1622 971 decimas
1637 919 1754 988 ex'gere
1768 915 1808 970 rel

1016 1012 1180 1073 extorquere
1193 1015 1349 1076 presumat.
1370 1003 1463 1061 Liceat
1475 1022 1583 1078 quoquc
1600 1008 1678 1065 robis
1688 1008 1808 1064 cler-irus

1016 1093 1059 1150 rel
1072 1093 1168 1159 laicos,
1192 1095 1294 1151 liberos
1307 1095 1348 1151 rel
1363 1095 1504 1153 absulutos
1519 1112 1535 1152 e
1558 1098 1661 1153 seculo
1673 1097 1808 1170 fugientes

1015 1184 1265 1240 adconveraionem
1291 1197 1411 1242 nestram
1438 1186 1570 1258 recipere,
1586 1201 1613 1243 et
1630 1204 1680 1244 eos
1703 1190 1807 1259 absque

1015 1277 1232 1332 contradictione
1246 1276 1336 1346 aliqum
1350 1279 1482 1334 retinere.
1495 1278 1679 1335 l’robibernus
1694 1281 1807 1350 insuper

1015 1376 1047 1422 ut
1061 1367 1130 1422 nulli
1147 1367 1261 1422 lratrunt
1276 1376 1439 1435 uestrorum,
1455 1380 1516 1438 post
1540 1371 1644 1428 iactam
1661 1374 1687 1427 in
1711 1391 1806 1428 rrrrnm·

1014 1458 1098 1514 sterio
1113 1467 1204 1514 restro
1219 1457 1439 1530 professionem,
1456 1461 1497 1515 las
1512 1463 1623 1519 sitriae
1639 1464 1754 1520 abbatis
1767 1465 1807 1519 sui

1018 1550 1139 1616 licentia,
1155 1550 1207 1606 nisi
1222 1550 1350 1607 arctioris
1366 1552 1503 1622 religionis
1514 1553 1642 1621 obtentu,
1659 1557 1693 1611 de
1706 1572 1741 1611 eu
1755 1559 1807 1612 eis·

1018 1641 1137 1706 eedem
1170 1641 1356 1697 discedentem
1382 1656 1447 1698 tero
1474 1644 1578 1714 absque
1618 1647 1806 1700 continuanium

1014 1728 1169 1786 litterarum
1182 1733 1308 1786 cautione
1327 1732 1418 1787 nullus
1443 1734 1545 1789 audeat
1559 1735 1692 1790 retinere.
1711 1734 1806 1791 Liber·

977 1811 998 1866 Β
1014 1832 1083 1878 trites
1093 1830 1226 1893 practerea
1241 1832 1269 1878 ct
1283 1822 1472 1879 immunitates
1492 1825 1620 1895 antiquas
1636 1834 1664 1881 et
1681 1829 1802 1884 rationa-

1013 1913 1081 1970 biles
1104 1914 1315 1970 consuetudines
1337 1915 1459 1970 ecelesiae
1480 1925 1579 1971 restrae
1602 1931 1755 1975 concessas
1777 1930 1804 1975 et

1013 2005 1316 2062 bactenusubscrratas
1348 2015 1423 2062 ratas
1441 2006 1582 2072 babemus,
1605 2019 1634 2063 ct
1647 2023 1696 2064 eas
1711 2025 1807 2080 perpe·

1013 2097 1068 2152 tuis
1100 2097 1271 2165 temporibus
1308 2096 1429 2151 illtbatas
1458 2112 1624 2167 permanere
1652 2101 1804 2156 sancinrus.

1011 2184 1136 2242 Cltrisnra
1153 2201 1236 2251 reru,
1259 2186 1351 2242 olcunr
1368 2198 1504 2251 snttcturu,
1521 2191 1800 2246 consecrationesal·

1013 2279 1112 2334 tarium
1127 2294 1175 2334 seu
1192 2277 1379 2345 basilicarum,
1395 2277 1586 2334 ordinationes
1605 2283 1804 2337 monachornm

1012 2383 1059 2424 seu
1076 2368 1250 2433 clericorum,
1265 2367 1311 2435 rprti
1327 2366 1361 2421 ad
1380 2381 1475 2422 saeros
1487 2365 1598 2419 ordines
1613 2375 1680 2420 sunt
1694 2380 1805 2435 prontin-

1013 2459 1107 2522 nendi.
1124 2458 1202 2515 rubis
1215 2473 1263 2528 per
1288 2457 1476 2535 dioeccsnrngn
1491 2458 1648 2528 episcopum
1669 2458 1733 2514 sine
1746 2474 1806 2529 pra·

1013 2550 1099 2606 nitate
1128 2549 1221 2619 aliqua
1245 2551 1420 2620 precipimus
1451 2548 1585 2603 exhiberi.
1616 2549 1686 2604 Cum
1711 2561 1803 2604 antero

1012 2643 1140 2711 generate
1170 2643 1347 2698 interdictum
1375 2650 1457 2695 terrae
1485 2639 1579 2703 luerit,
1604 2640 1688 2696 liceat
1713 2643 1802 2706 uobis,

1013 2733 1115 2789 clausis
1136 2734 1239 2806 januis,
1262 2732 1384 2789 exclusis
1405 2734 1653 2789 ercotnmrmicatis
1668 2744 1696 2789 et
1718 2734 1801 2789 inter·

1014 2826 1105 2889 dictis,
1126 2841 1179 2880 non
1195 2825 1309 2895 pulsatis
1322 2825 1481 2895 campanis,
1505 2840 1652 2895 suppressa
1676 2840 1744 2880 socc
1762 2826 1801 2877 di·

1015 2914 1077 2967 ritta
1092 2913 1180 2970 cilicia
1195 2913 1347 2968 celebrare.
1372 2914 1550 2983 Sepulturarn
1567 2927 1702 2985 praeterea
1719 2917 1802 2986 ipsius

1014 3004 1063 3056 loci
1081 3002 1196 3058 liberam
1220 3019 1282 3060 csse
1295 3003 1476 3069 decrerinrus,
1496 3015 1635 3061 uteorum
1664 3008 1802 3063 derenci

974 3127 997 3191 c
1013 3105 1041 3150 et
1055 3104 1184 3150 extrenum
1206 3095 1340 3152 uolutanti
1356 3098 1402 3165 qui
1418 3112 1447 3153 se
1471 3097 1525 3153 illic
1538 3098 1649 3168 sepeliri
1666 3102 1802 3158 delibera·

208 3199 391 3255 Coetssrtnus
418 3197 579 3266 episcopus,
606 3212 704 3274 sertus
731 3212 873 3254 serrorum
899 3197 958 3268 bel,
1013 3188 1111 3251 veriat,
1123 3188 1174 3244 nisi
1188 3187 1258 3245 lorte
1273 3193 1505 3247 excommunicati
1519 3192 1559 3247 rel
1576 3193 1718 3249 interdicti
1734 3199 1799 3263 sint,

173 3286 283 3342 dilectis
305 3285 370 3341 tiliis
395 3286 553 3341 »laesorum
581 3285 672 3340 abbati
700 3295 729 3341 et
755 3289 903 3344 contentui
924 3290 958 3345 de

174 3374 337 3443 llingstadcr
352 3385 380 3429 et
395 3382 449 3427 tarn
461 3373 642 3442 presentibus
657 3389 741 3444 quatu
760 3378 860 3433 luturis
876 3393 956 3450 regu·

173 3467 257 3520 larem
273 3466 354 3519 ritant
373 3462 504 3535 prolcssis
519 3464 545 3519 in
560 3474 721 3535 perpetuata
732 3469 904 3525 memoriam.

208 3554 319 3622 Quoties
343 3570 358 3609 a
385 3555 462 3610 nubis
490 3556 591 3623 petitur
614 3558 688 3627 quod
714 3559 839 3630 religioni
865 3570 892 3617 ct
911 3561 957 3616 bo·

173 3647 271 3709 trcstati
298 3646 446 3701 contenire
470 3647 657 3717 dignoscitur,
684 3650 776 3707 antimo
804 3667 853 3708 nos
879 3653 957 3708 docet

174 3736 268 3789 libenti
283 3734 444 3799 concedere,
457 3745 485 3789 et
497 3737 648 3804 petentium
657 3737 799 3793 desideriis
806 3754 955 3810 congruum

171 3822 329 3894 suffragium
345 3824 489 3892 impertiri.
504 3825 667 3894 Euproptur,
688 3828 781 3883 dilecti
799 3830 826 3883 in
842 3829 956 3887 lloruinu

172 3915 232 3981 lllii,
245 3915 434 3986 testrisjnstis
446 3916 675 3984 postulationibus
691 3921 842 3976 clementer
861 3925 956 3978 annui·

172 4020 243 4070 inus,
268 4015 297 4059 et
319 4007 514 4061 monasterinm
528 4017 649 4063 restrum
669 4010 696 4063 in
712 4024 766 4079 qrtu
783 4012 877 4066 dirino
889 4015 955 4070 estis

125 4081 128 4088 ¹
172 4095 304 4164 obsequio
317 4096 474 4165 rnattcipati,
490 4096 541 4153 snb
554 4097 624 4153 beati
638 4097 718 4155 Petri
737 4112 764 4155 et
780 4111 871 4157 nostra
894 4120 956 4172 pro-

172 4188 289 4244 tectione
304 4187 468 4256 suscipimus
494 4197 522 4244 et
539 4191 682 4258 praesentis
705 4192 798 4260 scripti
813 4194 956 4266 priuilegio

171 4272 391 4352 communimus;
410 4278 436 4332 in
454 4278 547 4347 primis
561 4279 644 4350 igitur
663 4292 829 4347 statuentes.
847 4294 876 4340 ut
889 4289 956 4341 ordo

170 4367 391 4437 nronastiousqui
414 4371 563 4425 secundum
579 4369 662 4426 Deum
675 4381 704 4427 et
727 4372 798 4428 beati
816 4373 954 4430 Berredieti

1012 3281 1102 3335 nullus
1116 3281 1242 3344 obsistat,
1262 3281 1336 3336 salta
1358 3291 1447 3336 tannen
1461 3283 1570 3354 justitia
1585 3284 1695 3339 illarum
1712 3288 1801 3342 eccle·

1011 3369 1124 3433 siarum,
1140 3387 1154 3423 a
1171 3372 1271 3441 quilius
1279 3387 1394 3442 corpora
1415 3383 1583 3428 ntortnorurn
1608 3389 1799 3431 assumuntur.

1010 3457 1134 3516 0bennte
1159 3478 1222 3517 reno
1249 3472 1286 3529 te,
1311 3480 1381 3518 tinnio
1404 3463 1524 3532 ujutsdcnt
1547 3465 1599 3519 luci
1625 3468 1739 3533 abbate,
1760 3471 1800 3522 rel

1009 3559 1117 3606 tuorum
1141 3553 1264 3623 quolibet
1288 3568 1490 3620 successorum,
1519 3556 1609 3611 nullus
1623 3558 1660 3611 ibi
1676 3561 1800 3626 utralibet

1009 3641 1194 3710 subreptionis
1210 3645 1307 3697 astutia
1322 3660 1370 3697 scu
1388 3645 1517 3699 rtotentta
1533 3657 1728 3714 pra-ponatur,
1749 3651 1799 3705 nisi

1009 3746 1089 3800 quern
1107 3732 1207 3787 iratres
1223 3735 1359 3788 cutttrnuni
1377 3750 1523 3797 consensu,
1547 3737 1588 3789 rel
1606 3742 1722 3792 lrntrmn
1739 3756 1801 3806 pars

1009 3822 1113 3875 turrsilii
1140 3825 1266 3890 santonis,
1292 3826 1440 3879 secundnm
1469 3824 1515 3878 bet
1537 3827 1792 3885 tirnorentetbeati

1009 3909 1148 3965 benedicti
1165 3911 1295 3982 llegulam
1310 3913 1480 3981 providerint
1496 3912 1662 3984 eugendum.

1045 4001 1221 4057 beecrninrus
1231 4019 1297 4074 ergo
1312 4013 1341 4057 ut
1356 4004 1421 4058 nulli
1430 4005 1544 4060 omnino
1557 4007 1699 4061 bominum
1719 4009 1800 4064 liceat

1008 4092 1153 4162 praelatum
1181 4095 1376 4149 monasterium
1409 4106 1512 4150 temero
1543 4098 1728 4166 perturbare,
1753 4112 1800 4156 aut

1007 4185 1064 4251 ejus
1084 4186 1272 4252 possessiones
1295 4183 1421 4250 auferre,
1448 4186 1553 4240 ablatas
1578 4188 1718 4256 retinere,
1744 4195 1797 4245 mi·

1008 4290 1100 4342 iuuere,
1117 4290 1163 4331 seu
1186 4277 1351 4348 quibuslibet
1381 4282 1571 4338 venationibus
1595 4281 1729 4351 latigare;
1748 4287 1795 4341 sed

1006 4367 1096 4419 otnrnia
1123 4368 1229 4436 integre
1255 4381 1456 4425 conseri-entur
1476 4387 1583 4439 eorurn,
1610 4391 1660 4445 pro
1676 4392 1795 4447 qnorum

170 4456 302 4526 Regulam
316 4457 342 4511 in
357 4459 453 4513 eodem
469 4459 531 4515 1000
543 4460 668 4514 noscitur
693 4460 844 4528 institutus,
858 4478 953 4532 perpe.
969 4456 992 4513 D
1007 4454 1204 4523 gttbttrttalione
1218 4471 1250 4511 20
1272 4460 1475 4514 suslessldllfflle
1494 4478 1624 4519 Concessa
1644 4475 1721 4528 sunl,
1740 4468 1796 4520 llil·

172 4549 335 4604 tuisibidcrn
363 4551 533 4620 temporibus
558 4550 754 4630 inviolabiliter
778 4554 952 4609 obsecretur.

173 4637 318 4707 Propterea
346 4655 521 4710 quascunque
543 4641 747 4712 possessiones,
779 4659 948 4715 quacunque

169 4729 241 4782 bona
261 4729 330 4783 idern
352 4731 548 4784 ruunasteriunr
573 4731 818 4801 impresentiarum
836 4733 911 4803 juste
928 4746 956 4790 et

170 4816 301 4871 cartonice
313 4817 445 4886 possidet,
461 4828 509 4872 aut
525 4819 550 4873 in
566 4819 878 4877 luturuat'concessione
891 4838 955 4892 pon·

171 4903 286 4970 uilicum,
308 4904 451 4975 largitione
469 4920 564 4976 regum
580 4908 622 4962 rol
634 4910 799 4979 principum,
817 4924 833 4963 o
854 4909 955 4965 latione

171 4993 301 5060 lideliutn,
322 5010 370 5050 scu
383 4995 444 5051 aliis
456 4996 538 5065 justis
555 4999 656 5060 modis,
671 4998 725 5054 Deo
737 5001 865 5070 propitio,
879 5010 954 5070 putc-

171 5089 207 5140 rit
222 5086 347 5154 adipisci,
363 5088 439 5143 llrnra
458 5090 535 5146 tobis
548 5093 699 5162 uestrisque
711 5095 916 5149 successoribus
927 5103 954 5148 et

171 5176 272 5229 illibaa
293 5190 484 5246 permancant.
501 5181 529 5236 ln
546 5183 645 5252 quibus
665 5184 723 5237 llaec
735 5183 855 5255 propriis
874 5183 952 5237 duxi·

172 5276 232 5316 tuus
245 5264 419 5332 exprimenda
444 5270 585 5323 uocabulis
602 5282 609 5322 ε

207 5351 289 5407 Sclrot
302 5352 408 5409 Sanctae
422 5354 515 5410 blarite
531 5359 563 5412 de
581 5360 685 5414 duabus
697 5361 818 5428 partibus
826 5358 953 5414 selandia

171 5449 320 5519 quasiste
335 5453 474 5520 dienrnnr,
485 5465 512 5508 et
523 5456 555 5509 de
571 5456 737 5527 indulgentia
749 5456 952 5510 advenientium

170 5528 205 5597 ad
227 5543 383 5614 sepulcrum
412 5546 501 5601 sancti
523 5545 621 5601 Karrnti
642 5564 703 5602 cum
725 5547 906 5601 oblationibus
925 5556 953 5599 ct

171 5632 363 5703 eleemosynis,
373 5644 400 5687 ct
414 5634 447 5687 de
462 5633 546 5690 Scluat
561 5634 654 5691 Sancti
669 5637 767 5692 llanuti
780 5638 807 5691 in
825 5635 952 5691 Selandia

171 5733 199 5776 et
216 5709 355 5785 llalantia,
370 5732 395 5779 et
412 5726 445 5780 dc
468 5725 606 5785 oblatione
625 5714 732 5786 saaca
747 5727 906 5796 llargarctae
925 5738 953 5784 et

1008 4544 1057 4597 bus
1071 4554 1097 4597 ct
1114 4548 1266 4603 cotttmudis
1284 4549 1440 4617 prolunrra,
1458 4552 1534 4608 salra
1551 4554 1624 4611 sedis
1639 4557 1796 4625 apostolica

1007 4636 1171 4691 arri-toritate
1192 4647 1219 4692 et
1242 4638 1390 4695 diaecesani
1406 4643 1524 4713 episcopi
1535 4647 1664 4700 cantunica
1678 4648 1794 4716 justitia.

1007 4724 1034 4779 Si
1056 4742 1108 4795 utra
1123 4728 1205 4795 igitur
1221 4729 1247 4783 in
1274 4728 1395 4784 luturunt
1409 4733 1597 4788 ecclesiastiea
1616 4738 1795 4793 saecularisve

1006 4830 1121 4885 persona
1144 4818 1215 4872 barre
1233 4829 1335 4875 nostrae
1352 4823 1554 4879 constitutionis
1566 4827 1693 4894 paginam
1707 4830 1796 4883 sciens

1006 4917 1101 4962 cotnra
1115 4924 1175 4964 eam
1193 4920 1295 4966 temere
1310 4913 1405 4969 tenire
1421 4917 1584 4983 tentaverit,
1598 4922 1721 4974 securtdu
1740 4933 1796 4976 ter·

1008 4999 1079 5055 tiuve
1095 5007 1270 5071 cutrnnunita,
1294 5008 1343 5062 nisi
1365 5020 1470 5064 reatuin
1493 5028 1570 5065 suuni
1592 5014 1673 5084 digna
1687 5018 1795 5070 satista-

1006 5095 1096 5149 ctiune
1107 5099 1268 5162 correxerit,
1295 5101 1438 5169 potcstatis
1460 5102 1629 5172 laceratisque
1644 5106 1687 5158 sui
1701 5117 1795 5159 carcat

1006 5185 1149 5251 dignitate,
1168 5203 1297 5259 reamque
1312 5206 1341 5245 se
1358 5191 1453 5249 ilirino
1473 5192 1577 5262 judiclo
1591 5200 1623 5248 de
1637 5205 1793 5265 perpetrata

1006 5276 1150 5344 iniquitate
1165 5291 1324 5346 cogitoscat,
1348 5292 1375 5336 ct
1396 5297 1411 5337 a
1431 5285 1618 5340 sacratissimo
1637 5301 1755 5357 corpore
1768 5298 1794 5343 et

1005 5368 1138 5437 satrgnine
1159 5369 1205 5423 Dei
1223 5379 1251 5425 ct
1277 5371 1382 5427 botuuini
1405 5372 1596 5445 lledernptoris
1621 5382 1708 5434 nostri
1726 5379 1792 5435 lesu

1005 5457 1108 5514 (ibristi
1131 5461 1220 5515 aliena
1242 5462 1301 5527 snat,
1318 5476 1398 5535 atquc
1422 5466 1450 5520 ln
1472 5477 1594 5522 extremo
1609 5473 1739 5525 euantiine
1755 5473 1794 5526 di·

1005 5552 1110 5606 strictae
1123 5552 1261 5619 subjaceat
1276 5555 1383 5614 ultioni.

1047 5641 1162 5698 curretis
1180 5655 1269 5699 autent
1295 5648 1382 5704 cidcnt
1407 5650 1465 5705 loro
1481 5667 1528 5708 sna
1540 5652 1603 5721 juta
1619 5658 1793 5712 servantibus

1007 5734 1043 5789 sit
1060 5750 1111 5801 prat
1141 5735 1247 5791 botuuini
1270 5742 1356 5793 nostri
1383 5740 1447 5796 lusu
1465 5746 1585 5806 Christi.
1611 5758 1751 5809 ouatenus
1770 5760 1794 5803 et
