<?xml version="1.0" encoding="UTF-8"?>
<!DOCTYPE html PUBLIC "-//W3C//DTD XHTML 1.0 Transitional//EN"
    "http://www.w3.org/TR/xhtml1/DTD/xhtml1-transitional.dtd">
<html xmlns="http://www.w3.org/1999/xhtml" xml:lang="en" lang="en">
 <head>
  <title>
</title>
<meta http-equiv="Content-Type" content="text/html;charset=utf-8" />
  <meta name='ocr-system' content='tesseract 3.04.00' />
  <meta name='ocr-capabilities' content='ocr_page ocr_carea ocr_par ocr_line ocrx_word'/>
</head>
<body>
  <div class='ocr_page' id='page_1' title='image "./epistoletprivil00algrgoog/epistoletprivil00algrgoog_0302.png"; bbox 0 0 3944 6330; ppageno 0'>
   <div class='ocr_carea' id='block_1_1' title="bbox 315 345 1940 424">
    <p class='ocr_par' dir='ltr' id='par_1_1' title="bbox 315 345 1940 424">
     <span class='ocr_line' id='line_1_1' title="bbox 315 345 1940 424; baseline 0.011 -28"><span class='ocrx_word' id='word_1_1' title='bbox 315 353 368 409; x_wconf 65' lang='grc' dir='ltr'>ω</span> <span class='ocrx_word' id='word_1_2' title='bbox 807 345 937 403; x_wconf 76' lang='lat' dir='ltr'><strong>utiouAE</strong></span> <span class='ocrx_word' id='word_1_3' title='bbox 953 345 1107 404; x_wconf 82' lang='lat' dir='ltr'><strong>CISTERC.</strong></span> <span class='ocrx_word' id='word_1_4' title='bbox 1125 348 1170 404; x_wconf 78' lang='lat' dir='ltr'><strong>tir</strong></span> <span class='ocrx_word' id='word_1_5' title='bbox 1186 349 1281 408; x_wconf 72' lang='lat' dir='ltr'><strong>iota.</strong></span> <span class='ocrx_word' id='word_1_6' title='bbox 1303 352 1445 411; x_wconf 77' lang='lat' dir='ltr'><strong>ducatui</strong></span> <span class='ocrx_word' id='word_1_7' title='bbox 1896 366 1940 424; x_wconf 64' lang='lat' dir='ltr'><strong>ai</strong></span> 
     </span>
    </p>
   </div>
   <div class='ocr_carea' id='block_1_2' title="bbox 303 462 1940 4464">
    <p class='ocr_par' dir='ltr' id='par_1_2' title="bbox 303 462 1940 4464">
     <span class='ocr_line' id='line_1_2' title="bbox 313 462 1937 549; baseline 0.008 -24"><span class='ocrx_word' id='word_1_8' title='bbox 313 468 398 525; x_wconf 82' lang='lat' dir='ltr'><strong>l‘ritni</strong></span> <span class='ocrx_word' id='word_1_9' title='bbox 413 465 441 524; x_wconf 92' lang='lat' dir='ltr'><strong>in</strong></span> <span class='ocrx_word' id='word_1_10' title='bbox 456 465 569 533; x_wconf 80' lang='lat' dir='ltr'><strong>nrrrradn,</strong></span> <span class='ocrx_word' id='word_1_11' title='bbox 585 462 697 521; x_wconf 90' lang='lat' dir='ltr'><strong>secundi</strong></span> <span class='ocrx_word' id='word_1_12' title='bbox 711 464 738 519; x_wconf 94' lang='lat' dir='ltr'><strong>iu</strong></span> <span class='ocrx_word' id='word_1_13' title='bbox 757 463 886 521; x_wconf 77' lang='lat' dir='ltr'><strong>Ecclesiae</strong></span> <span class='ocrx_word' id='word_1_14' title='bbox 901 467 1016 536; x_wconf 87' lang='lat' dir='ltr'><strong>gremio,</strong></span> <span class='ocrx_word' id='word_1_15' title='bbox 1031 463 1103 519; x_wconf 90' lang='lat' dir='ltr'><strong>tertii</strong></span> <span class='ocrx_word' id='word_1_16' title='bbox 1118 475 1141 532; x_wconf 69' lang='grc' dir='ltr'><strong>Α</strong></span> <span class='ocrx_word' id='word_1_17' title='bbox 1157 470 1227 523; x_wconf 83' lang='lat' dir='ltr'><strong>uenti</strong></span> <span class='ocrx_word' id='word_1_18' title='bbox 1241 469 1275 525; x_wconf 83' lang='lat'><strong>¹¹.</strong></span> <span class='ocrx_word' id='word_1_19' title='bbox 1293 487 1303 522; x_wconf 86' lang='lat' dir='ltr'><strong>r</strong></span> <span class='ocrx_word' id='word_1_20' title='bbox 1335 468 1372 525; x_wconf 85' lang='lat' dir='ltr'><strong>lle</strong></span> <span class='ocrx_word' id='word_1_21' title='bbox 1391 469 1483 526; x_wconf 87' lang='lat' dir='ltr'><strong>lariila</strong></span> <span class='ocrx_word' id='word_1_22' title='bbox 1505 470 1543 527; x_wconf 87' lang='lat' dir='ltr'><strong>ait</strong></span> <span class='ocrx_word' id='word_1_23' title='bbox 1557 471 1626 530; x_wconf 82' lang='lat' dir='ltr'><strong>iob:</strong></span> <span class='ocrx_word' id='word_1_24' title='bbox 1652 473 1737 548; x_wconf 78' lang='lat' dir='ltr'><strong>rdgo</strong></span> <span class='ocrx_word' id='word_1_25' title='bbox 1752 478 1937 549; x_wconf 75' lang='lat' dir='ltr'><strong>paenitentiam</strong></span> 
     </span>
     <span class='ocr_line' id='line_1_3' title="bbox 314 553 1937 630; baseline 0.009 -18"><span class='ocrx_word' id='word_1_26' title='bbox 314 559 341 614; x_wconf 92' lang='lat' dir='ltr'><strong>in</strong></span> <span class='ocrx_word' id='word_1_27' title='bbox 357 557 438 614; x_wconf 90' lang='lat' dir='ltr'><strong>coelo.</strong></span> <span class='ocrx_word' id='word_1_28' title='bbox 464 557 547 613; x_wconf 88' lang='lat' dir='ltr'><strong>Primi</strong></span> <span class='ocrx_word' id='word_1_29' title='bbox 562 556 761 621; x_wconf 88' lang='lat' dir='ltr'><strong>ostentatione,</strong></span> <span class='ocrx_word' id='word_1_30' title='bbox 783 555 897 610; x_wconf 90' lang='lat' dir='ltr'><strong>secundi</strong></span> <span class='ocrx_word' id='word_1_31' title='bbox 920 553 1062 610; x_wconf 71' lang='lat' dir='ltr'>miraculis</span> <span class='ocrx_word' id='word_1_32' title='bbox 1076 563 1104 611; x_wconf 90' lang='lat' dir='ltr'><strong>ct</strong></span> <span class='ocrx_word' id='word_1_33' title='bbox 1154 561 1182 618; x_wconf 91' lang='lat' dir='ltr'><strong>iu</strong></span> <span class='ocrx_word' id='word_1_34' title='bbox 1196 562 1290 618; x_wconf 83' lang='lat' dir='ltr'><strong>lauilia</strong></span> <span class='ocrx_word' id='word_1_35' title='bbox 1307 572 1333 619; x_wconf 92' lang='lat' dir='ltr'><strong>et</strong></span> <span class='ocrx_word' id='word_1_36' title='bbox 1345 564 1439 622; x_wconf 90' lang='lat' dir='ltr'><strong>cinere</strong></span> <span class='ocrx_word' id='word_1_37' title='bbox 1452 565 1626 622; x_wconf 57' lang='lat' dir='ltr'><strong>”siurbia</strong></span> <span class='ocrx_word' id='word_1_38' title='bbox 1644 567 1672 625; x_wconf 94' lang='lat' dir='ltr'><strong>in</strong></span> <span class='ocrx_word' id='word_1_39' title='bbox 1689 572 1776 627; x_wconf 90' lang='lat' dir='ltr'><strong>corde</strong></span> <span class='ocrx_word' id='word_1_40' title='bbox 1796 580 1840 628; x_wconf 85' lang='lat' dir='ltr'><strong>est</strong></span> <span class='ocrx_word' id='word_1_41' title='bbox 1861 574 1937 630; x_wconf 73' lang='lat' dir='ltr'><strong>umetis</strong></span> 
     </span>
     <span class='ocr_line' id='line_1_4' title="bbox 313 644 1937 732; baseline 0.009 -27"><span class='ocrx_word' id='word_1_42' title='bbox 313 650 540 713; x_wconf 84' lang='lat' dir='ltr'><strong>conuersatione,</strong></span> <span class='ocrx_word' id='word_1_43' title='bbox 569 646 645 702; x_wconf 87' lang='lat' dir='ltr'><strong>tertii</strong></span> <span class='ocrx_word' id='word_1_44' title='bbox 671 646 699 701; x_wconf 91' lang='lat' dir='ltr'><strong>iu</strong></span> <span class='ocrx_word' id='word_1_45' title='bbox 720 647 766 701; x_wconf 85' lang='lat' dir='ltr'><strong>liei</strong></span> <span class='ocrx_word' id='word_1_46' title='bbox 782 644 897 703; x_wconf 81' lang='lat' dir='ltr'><strong>visione.</strong></span> <span class='ocrx_word' id='word_1_47' title='bbox 923 645 961 702; x_wconf 83' lang='lat' dir='ltr'><strong>lie</strong></span> <span class='ocrx_word' id='word_1_48' title='bbox 985 645 1100 715; x_wconf 84' lang='lat' dir='ltr'><strong>priuis:</strong></span> <span class='ocrx_word' id='word_1_49' title='bbox 1152 657 1334 727; x_wconf 72' lang='lat' dir='ltr'>propeccatis</span> <span class='ocrx_word' id='word_1_50' title='bbox 1348 659 1534 728; x_wconf 86' lang='lat' dir='ltr'><strong>compunctio.</strong></span> <span class='ocrx_word' id='word_1_51' title='bbox 1562 660 1633 716; x_wconf 89' lang='lat' dir='ltr'><strong>ciuis</strong></span> <span class='ocrx_word' id='word_1_52' title='bbox 1648 672 1691 717; x_wconf 88' lang='lat' dir='ltr'><strong>est</strong></span> <span class='ocrx_word' id='word_1_53' title='bbox 1705 662 1832 718; x_wconf 73' lang='lat' dir='ltr'><strong>exterior</strong></span> <span class='ocrx_word' id='word_1_54' title='bbox 1846 677 1937 732; x_wconf 86' lang='lat' dir='ltr'><strong>corpo·</strong></span> 
     </span>
     <span class='ocr_line' id='line_1_5' title="bbox 318 741 1937 826; baseline 0.008 -30"><span class='ocrx_word' id='word_1_55' title='bbox 318 744 452 798; x_wconf 76' lang='lat' dir='ltr'><strong>«Noctem</strong></span> <span class='ocrx_word' id='word_1_56' title='bbox 470 749 611 796; x_wconf 86' lang='lat' dir='ltr'><strong>uerterunt</strong></span> <span class='ocrx_word' id='word_1_57' title='bbox 626 741 652 796; x_wconf 93' lang='lat' dir='ltr'><strong>in</strong></span> <span class='ocrx_word' id='word_1_58' title='bbox 665 741 747 806; x_wconf 88' lang='lat' dir='ltr'><strong>diem,</strong></span> <span class='ocrx_word' id='word_1_59' title='bbox 766 749 794 795; x_wconf 87' lang='lat' dir='ltr'><strong>et</strong></span> <span class='ocrx_word' id='word_1_60' title='bbox 811 756 920 795; x_wconf 80' lang='lat' dir='ltr'><strong>sumum</strong></span> <span class='ocrx_word' id='word_1_61' title='bbox 943 748 1002 812; x_wconf 86' lang='lat' dir='ltr'><strong>post</strong></span> <span class='ocrx_word' id='word_1_62' title='bbox 1027 753 1101 798; x_wconf 86' lang='lat' dir='ltr'><strong>terte·</strong></span> <span class='ocrx_word' id='word_1_63' title='bbox 1153 746 1191 802; x_wconf 90' lang='lat' dir='ltr'><strong>ris</strong></span> <span class='ocrx_word' id='word_1_64' title='bbox 1205 746 1267 804; x_wconf 84' lang='lat' dir='ltr'><strong>uilis</strong></span> <span class='ocrx_word' id='word_1_65' title='bbox 1285 747 1406 804; x_wconf 89' lang='lat' dir='ltr'><strong>alllictio.</strong></span> <span class='ocrx_word' id='word_1_66' title='bbox 1434 751 1536 806; x_wconf 85' lang='lat' dir='ltr'><strong>ilerum</strong></span> <span class='ocrx_word' id='word_1_67' title='bbox 1551 750 1609 806; x_wconf 82' lang='lat' dir='ltr'><strong>lraec</strong></span> <span class='ocrx_word' id='word_1_68' title='bbox 1631 751 1727 809; x_wconf 82' lang='lat' dir='ltr'><strong>iutilia</strong></span> <span class='ocrx_word' id='word_1_69' title='bbox 1752 755 1781 809; x_wconf 92' lang='lat' dir='ltr'><strong>in</strong></span> <span class='ocrx_word' id='word_1_70' title='bbox 1806 754 1937 826; x_wconf 85' lang='lat' dir='ltr'><strong>sterquili-</strong></span> 
     </span>
     <span class='ocr_line' id='line_1_6' title="bbox 312 826 1937 912; baseline 0.008 -26"><span class='ocrx_word' id='word_1_71' title='bbox 312 833 374 886; x_wconf 83' lang='lat' dir='ltr'><strong>bras</strong></span> <span class='ocrx_word' id='word_1_72' title='bbox 393 845 474 903; x_wconf 89' lang='lat' dir='ltr'><strong>spero</strong></span> <span class='ocrx_word' id='word_1_73' title='bbox 492 829 650 886; x_wconf 81' lang='lat' dir='ltr'><strong>lueem⁸‘.r</strong></span> <span class='ocrx_word' id='word_1_74' title='bbox 678 826 792 884; x_wconf 79' lang='lat' dir='ltr'><strong>Noctem</strong></span> <span class='ocrx_word' id='word_1_75' title='bbox 814 831 1100 899; x_wconf 83' lang='lat' dir='ltr'><strong>uerteruntiudiem,</strong></span> <span class='ocrx_word' id='word_1_76' title='bbox 1153 837 1227 892; x_wconf 91' lang='lat' dir='ltr'><strong>uiam</strong></span> <span class='ocrx_word' id='word_1_77' title='bbox 1256 854 1309 894; x_wconf 90' lang='lat' dir='ltr'><strong>uon</strong></span> <span class='ocrx_word' id='word_1_78' title='bbox 1335 839 1494 905; x_wconf 84' lang='lat' dir='ltr'><strong>resolvitur,</strong></span> <span class='ocrx_word' id='word_1_79' title='bbox 1522 845 1569 897; x_wconf 90' lang='lat' dir='ltr'><strong>sed</strong></span> <span class='ocrx_word' id='word_1_80' title='bbox 1595 841 1818 912; x_wconf 84' lang='lat' dir='ltr'><strong>inpurissimum</strong></span> <span class='ocrx_word' id='word_1_81' title='bbox 1847 847 1937 901; x_wconf 85' lang='lat' dir='ltr'><strong>ritmu</strong></span> 
     </span>
     <span class='ocr_line' id='line_1_7' title="bbox 311 919 1939 997; baseline 0.009 -23"><span class='ocrx_word' id='word_1_82' title='bbox 311 921 356 975; x_wconf 89' lang='lat' dir='ltr'><strong>ubi</strong></span> <span class='ocrx_word' id='word_1_83' title='bbox 375 921 547 992; x_wconf 82' lang='lat' dir='ltr'><strong>depereatis</strong></span> <span class='ocrx_word' id='word_1_84' title='bbox 570 919 629 975; x_wconf 86' lang='lat' dir='ltr'><strong>sois</strong></span> <span class='ocrx_word' id='word_1_85' title='bbox 651 928 777 991; x_wconf 86' lang='lat' dir='ltr'><strong>quaeruut</strong></span> <span class='ocrx_word' id='word_1_86' title='bbox 800 920 982 991; x_wconf 80' lang='lat' dir='ltr'><strong>splendorem.</strong></span> <span class='ocrx_word' id='word_1_87' title='bbox 999 922 1038 978; x_wconf 86' lang='lat' dir='ltr'><strong>be</strong></span> <span class='ocrx_word' id='word_1_88' title='bbox 1059 937 1102 978; x_wconf 91' lang='lat' dir='ltr'><strong>se·</strong></span> <span class='ocrx_word' id='word_1_89' title='bbox 1153 926 1413 997; x_wconf 78' lang='lat' dir='ltr'><strong>pureransetemiae</strong></span> <span class='ocrx_word' id='word_1_90' title='bbox 1431 926 1576 984; x_wconf 81' lang='lat' dir='ltr'><strong>formatur.</strong></span> <span class='ocrx_word' id='word_1_91' title='bbox 1591 928 1658 986; x_wconf 88' lang='lat' dir='ltr'><strong>item</strong></span> <span class='ocrx_word' id='word_1_92' title='bbox 1672 929 1748 986; x_wconf 84' lang='lat' dir='ltr'><strong>tob:</strong></span> <span class='ocrx_word' id='word_1_93' title='bbox 1773 949 1784 983; x_wconf 82' lang='grc' dir='ltr'>ι</span> <span class='ocrx_word' id='word_1_94' title='bbox 1803 933 1939 988; x_wconf 74' lang='lat' dir='ltr'><strong>Assimila-</strong></span> 
     </span>
     <span class='ocr_line' id='line_1_8' title="bbox 310 1011 1939 1094; baseline 0.008 -27"><span class='ocrx_word' id='word_1_95' title='bbox 310 1013 421 1070; x_wconf 87' lang='lat' dir='ltr'><strong>cuudo:</strong></span> <span class='ocrx_word' id='word_1_96' title='bbox 438 1033 447 1067; x_wconf 87' lang='lat' dir='ltr'><strong>r</strong></span> <span class='ocrx_word' id='word_1_97' title='bbox 463 1014 565 1068; x_wconf 83' lang='lat' dir='ltr'><strong>luceat</strong></span> <span class='ocrx_word' id='word_1_98' title='bbox 580 1011 626 1067; x_wconf 82' lang='lat' dir='ltr'><strong>lar</strong></span> <span class='ocrx_word' id='word_1_99' title='bbox 640 1023 731 1070; x_wconf 88' lang='lat' dir='ltr'><strong>restra</strong></span> <span class='ocrx_word' id='word_1_100' title='bbox 745 1029 836 1071; x_wconf 92' lang='lat' dir='ltr'><strong>coram</strong></span> <span class='ocrx_word' id='word_1_101' title='bbox 862 1015 1069 1082; x_wconf 84' lang='lat' dir='ltr'><strong>homiuibus⁸&#39;;</strong></span> <span class='ocrx_word' id='word_1_102' title='bbox 1087 1033 1097 1068; x_wconf 87' lang='lat' dir='ltr'><strong>r</strong></span> <span class='ocrx_word' id='word_1_103' title='bbox 1151 1025 1195 1072; x_wconf 89' lang='lat' dir='ltr'><strong>tus</strong></span> <span class='ocrx_word' id='word_1_104' title='bbox 1209 1031 1269 1072; x_wconf 90' lang='lat' dir='ltr'><strong>sum</strong></span> <span class='ocrx_word' id='word_1_105' title='bbox 1284 1016 1383 1074; x_wconf 80' lang='lat' dir='ltr'><strong>lariiiae</strong></span> <span class='ocrx_word' id='word_1_106' title='bbox 1397 1026 1425 1073; x_wconf 90' lang='lat' dir='ltr'><strong>et</strong></span> <span class='ocrx_word' id='word_1_107' title='bbox 1438 1018 1526 1074; x_wconf 89' lang='lat' dir='ltr'><strong>cineri</strong></span> <span class='ocrx_word' id='word_1_108' title='bbox 1543 1019 1600 1072; x_wconf 81' lang='lat'><strong>⁸⁸.»</strong></span> <span class='ocrx_word' id='word_1_109' title='bbox 1629 1020 1666 1076; x_wconf 85' lang='lat' dir='ltr'><strong>lic</strong></span> <span class='ocrx_word' id='word_1_110' title='bbox 1682 1021 1863 1094; x_wconf 86' lang='lat' dir='ltr'><strong>sterquilinio</strong></span> <span class='ocrx_word' id='word_1_111' title='bbox 1876 1035 1939 1080; x_wconf 76' lang='grc' dir='ltr'><strong>ιοιυ-</strong></span> 
     </span>
     <span class='ocr_line' id='line_1_9' title="bbox 310 1104 1938 1174; baseline 0.007 -16"><span class='ocrx_word' id='word_1_112' title='bbox 310 1105 344 1160; x_wconf 86' lang='lat' dir='ltr'><strong>de</strong></span> <span class='ocrx_word' id='word_1_113' title='bbox 359 1104 561 1160; x_wconf 64' lang='lat' dir='ltr'><strong>terrionem</strong></span> <span class='ocrx_word' id='word_1_114' title='bbox 582 1113 712 1174; x_wconf 86' lang='lat' dir='ltr'><strong>perpetua</strong></span> <span class='ocrx_word' id='word_1_115' title='bbox 727 1104 829 1160; x_wconf 87' lang='lat' dir='ltr'><strong>lucebit</strong></span> <span class='ocrx_word' id='word_1_116' title='bbox 850 1108 953 1161; x_wconf 74' lang='lat' dir='ltr'><strong>sanctis</strong></span> <span class='ocrx_word' id='word_1_117' title='bbox 969 1106 1032 1171; x_wconf 91' lang='lat' dir='ltr'><strong>tuis,</strong></span> <span class='ocrx_word' id='word_1_118' title='bbox 1048 1106 1101 1161; x_wconf 85' lang='lat' dir='ltr'><strong>Do·</strong></span> <span class='ocrx_word' id='word_1_119' title='bbox 1150 1105 1288 1174; x_wconf 88' lang='lat' dir='ltr'><strong>poraliunr</strong></span> <span class='ocrx_word' id='word_1_120' title='bbox 1312 1108 1445 1164; x_wconf 87' lang='lat' dir='ltr'><strong>bonorum</strong></span> <span class='ocrx_word' id='word_1_121' title='bbox 1467 1108 1589 1163; x_wconf 85' lang='lat' dir='ltr'><strong>dicitur:</strong></span> <span class='ocrx_word' id='word_1_122' title='bbox 1619 1109 1680 1166; x_wconf 76' lang='lat' dir='ltr'><strong>«De</strong></span> <span class='ocrx_word' id='word_1_123' title='bbox 1712 1122 1840 1169; x_wconf 85' lang='lat' dir='ltr'><strong>stercore</strong></span> <span class='ocrx_word' id='word_1_124' title='bbox 1864 1113 1938 1171; x_wconf 66' lang='lat' dir='ltr'><strong>mutu</strong></span> 
     </span>
     <span class='ocr_line' id='line_1_10' title="bbox 310 1191 1937 1276; baseline 0.01 -29"><span class='ocrx_word' id='word_1_125' title='bbox 310 1195 419 1249; x_wconf 77' lang='lat' dir='ltr'><strong>ruine.»</strong></span> <span class='ocrx_word' id='word_1_126' title='bbox 447 1191 532 1248; x_wconf 85' lang='lat' dir='ltr'><strong>Primi</strong></span> <span class='ocrx_word' id='word_1_127' title='bbox 565 1194 720 1250; x_wconf 87' lang='lat' dir='ltr'><strong>discurrent</strong></span> <span class='ocrx_word' id='word_1_128' title='bbox 750 1193 776 1247; x_wconf 91' lang='lat' dir='ltr'><strong>iu</strong></span> <span class='ocrx_word' id='word_1_129' title='bbox 805 1194 907 1260; x_wconf 81' lang='lat' dir='ltr'><strong>drurctn,</strong></span> <span class='ocrx_word' id='word_1_130' title='bbox 934 1195 1047 1250; x_wconf 87' lang='lat' dir='ltr'><strong>secundi</strong></span> <span class='ocrx_word' id='word_1_131' title='bbox 1072 1195 1099 1250; x_wconf 91' lang='lat' dir='ltr'><strong>iu</strong></span> <span class='ocrx_word' id='word_1_132' title='bbox 1151 1197 1319 1267; x_wconf 74' lang='lat' dir='ltr'><strong>lapidabitur</strong></span> <span class='ocrx_word' id='word_1_133' title='bbox 1345 1201 1423 1270; x_wconf 86' lang='lat' dir='ltr'><strong>piger</strong></span> <span class='ocrx_word' id='word_1_134' title='bbox 1435 1201 1492 1255; x_wconf 69' lang='lat'><strong>⁸⁸.»</strong></span> <span class='ocrx_word' id='word_1_135' title='bbox 1523 1202 1610 1258; x_wconf 86' lang='lat' dir='ltr'><strong>liores</strong></span> <span class='ocrx_word' id='word_1_136' title='bbox 1635 1213 1700 1259; x_wconf 88' lang='lat' dir='ltr'><strong>suut</strong></span> <span class='ocrx_word' id='word_1_137' title='bbox 1726 1206 1937 1276; x_wconf 68' lang='lat' dir='ltr'><strong>predicatores.</strong></span> 
     </span>
     <span class='ocr_line' id='line_1_11' title="bbox 309 1282 1939 1368; baseline 0.01 -31"><span class='ocrx_word' id='word_1_138' title='bbox 309 1284 482 1349; x_wconf 85' lang='lat' dir='ltr'><strong>arundineto,</strong></span> <span class='ocrx_word' id='word_1_139' title='bbox 500 1285 573 1339; x_wconf 85' lang='lat' dir='ltr'><strong>tertii</strong></span> <span class='ocrx_word' id='word_1_140' title='bbox 589 1286 616 1339; x_wconf 89' lang='lat' dir='ltr'><strong>iu</strong></span> <span class='ocrx_word' id='word_1_141' title='bbox 633 1284 724 1348; x_wconf 86' lang='lat' dir='ltr'><strong>ilceto,</strong></span> <span class='ocrx_word' id='word_1_142' title='bbox 738 1282 850 1341; x_wconf 82' lang='lat' dir='ltr'><strong>elireto.</strong></span> <span class='ocrx_word' id='word_1_143' title='bbox 867 1283 951 1339; x_wconf 83' lang='lat' dir='ltr'><strong>Primi</strong></span> <span class='ocrx_word' id='word_1_144' title='bbox 970 1293 1098 1355; x_wconf 92' lang='lat' dir='ltr'><strong>tauquam</strong></span> <span class='ocrx_word' id='word_1_145' title='bbox 1152 1288 1310 1358; x_wconf 85' lang='lat' dir='ltr'><strong>temporalia</strong></span> <span class='ocrx_word' id='word_1_146' title='bbox 1324 1299 1389 1344; x_wconf 84' lang='lat' dir='ltr'><strong>suunt</strong></span> <span class='ocrx_word' id='word_1_147' title='bbox 1403 1300 1536 1361; x_wconf 74' lang='lat' dir='ltr'>stercora,</span> <span class='ocrx_word' id='word_1_148' title='bbox 1550 1294 1613 1364; x_wconf 91' lang='lat' dir='ltr'><strong>quia</strong></span> <span class='ocrx_word' id='word_1_149' title='bbox 1629 1309 1691 1351; x_wconf 85' lang='lat' dir='ltr'><strong>cum</strong></span> <span class='ocrx_word' id='word_1_150' title='bbox 1706 1294 1798 1353; x_wconf 81' lang='lat' dir='ltr'><strong>Paulo</strong></span> <span class='ocrx_word' id='word_1_151' title='bbox 1815 1307 1939 1368; x_wconf 88' lang='lat' dir='ltr'><strong>reputant</strong></span> 
     </span>
     <span class='ocr_line' id='line_1_12' title="bbox 309 1363 1939 1458; baseline 0.009 -32"><span class='ocrx_word' id='word_1_152' title='bbox 309 1372 420 1440; x_wconf 77' lang='lat' dir='ltr'><strong>uiuida,</strong></span> <span class='ocrx_word' id='word_1_153' title='bbox 439 1373 551 1430; x_wconf 88' lang='lat' dir='ltr'><strong>secundi</strong></span> <span class='ocrx_word' id='word_1_154' title='bbox 574 1381 702 1443; x_wconf 84' lang='lat' dir='ltr'><strong>tarrquam</strong></span> <span class='ocrx_word' id='word_1_155' title='bbox 718 1363 855 1438; x_wconf 74' lang='lat' dir='ltr'><strong>scintillae,</strong></span> <span class='ocrx_word' id='word_1_156' title='bbox 876 1374 948 1429; x_wconf 90' lang='lat' dir='ltr'><strong>tertii</strong></span> <span class='ocrx_word' id='word_1_157' title='bbox 968 1384 1098 1443; x_wconf 89' lang='lat' dir='ltr'><strong>tauquam</strong></span> <span class='ocrx_word' id='word_1_158' title='bbox 1149 1393 1181 1435; x_wconf 93' lang='lat' dir='ltr'><strong>ca</strong></span> <span class='ocrx_word' id='word_1_159' title='bbox 1196 1388 1225 1433; x_wconf 89' lang='lat' dir='ltr'><strong>ut</strong></span> <span class='ocrx_word' id='word_1_160' title='bbox 1238 1388 1359 1435; x_wconf 77' lang='lat' dir='ltr'><strong>stercora</strong></span> <span class='ocrx_word' id='word_1_161' title='bbox 1371 1379 1407 1436; x_wconf 82' lang='lat'><strong>⁸⁸.</strong></span> <span class='ocrx_word' id='word_1_162' title='bbox 1423 1380 1461 1436; x_wconf 89' lang='lat' dir='ltr'><strong>lta</strong></span> <span class='ocrx_word' id='word_1_163' title='bbox 1475 1381 1580 1455; x_wconf 89' lang='lat' dir='ltr'><strong>iulgcnt</strong></span> <span class='ocrx_word' id='word_1_164' title='bbox 1595 1386 1657 1440; x_wconf 83' lang='lat' dir='ltr'><strong>rani</strong></span> <span class='ocrx_word' id='word_1_165' title='bbox 1669 1424 1678 1448; x_wconf 89' lang='lat'><strong>.</strong></span> <span class='ocrx_word' id='word_1_166' title='bbox 1692 1384 1799 1458; x_wconf 86' lang='lat' dir='ltr'><strong>iulgcut</strong></span> <span class='ocrx_word' id='word_1_167' title='bbox 1813 1395 1844 1442; x_wconf 87' lang='lat' dir='ltr'><strong>et</strong></span> <span class='ocrx_word' id='word_1_168' title='bbox 1856 1385 1939 1452; x_wconf 87' lang='lat' dir='ltr'><strong>reati,</strong></span> 
     </span>
     <span class='ocr_line' id='line_1_13' title="bbox 308 1460 1937 1547; baseline 0.011 -34"><span class='ocrx_word' id='word_1_169' title='bbox 308 1462 429 1530; x_wconf 86' lang='lat' dir='ltr'><strong>papillae.</strong></span> <span class='ocrx_word' id='word_1_170' title='bbox 451 1461 534 1516; x_wconf 82' lang='lat' dir='ltr'>Primi</span> <span class='ocrx_word' id='word_1_171' title='bbox 551 1460 687 1517; x_wconf 86' lang='lat' dir='ltr'><strong>sustinent</strong></span> <span class='ocrx_word' id='word_1_172' title='bbox 709 1460 863 1532; x_wconf 78' lang='lat' dir='ltr'><strong>ignominiae</strong></span> <span class='ocrx_word' id='word_1_173' title='bbox 887 1462 1039 1532; x_wconf 85' lang='lat' dir='ltr'><strong>passiones,</strong></span> <span class='ocrx_word' id='word_1_174' title='bbox 1056 1478 1099 1520; x_wconf 89' lang='lat' dir='ltr'><strong>sc·</strong></span> <span class='ocrx_word' id='word_1_175' title='bbox 1149 1471 1235 1540; x_wconf 85' lang='lat' dir='ltr'><strong>quiet</strong></span> <span class='ocrx_word' id='word_1_176' title='bbox 1251 1469 1391 1541; x_wconf 88' lang='lat' dir='ltr'><strong>lirlgobuut</strong></span> <span class='ocrx_word' id='word_1_177' title='bbox 1405 1472 1608 1543; x_wconf 86' lang='lat' dir='ltr'><strong>quandocrunt</strong></span> <span class='ocrx_word' id='word_1_178' title='bbox 1630 1477 1732 1542; x_wconf 89' lang='lat' dir='ltr'><strong>sancti,</strong></span> <span class='ocrx_word' id='word_1_179' title='bbox 1752 1474 1863 1547; x_wconf 83' lang='lat' dir='ltr'><strong>irrigent</strong></span> <span class='ocrx_word' id='word_1_180' title='bbox 1876 1492 1937 1532; x_wconf 84' lang='lat' dir='ltr'><strong>scre</strong></span> 
     </span>
     <span class='ocr_line' id='line_1_14' title="bbox 308 1551 1940 1631; baseline 0.008 -23"><span class='ocrx_word' id='word_1_181' title='bbox 308 1553 391 1608; x_wconf 83' lang='lat' dir='ltr'><strong>cuttidi</strong></span> <span class='ocrx_word' id='word_1_182' title='bbox 419 1551 585 1623; x_wconf 73' lang='lat' dir='ltr'><strong>iudicabunt</strong></span> <span class='ocrx_word' id='word_1_183' title='bbox 607 1553 746 1618; x_wconf 83' lang='lat' dir='ltr'><strong>arationes,</strong></span> <span class='ocrx_word' id='word_1_184' title='bbox 771 1553 845 1608; x_wconf 86' lang='lat' dir='ltr'><strong>tertii</strong></span> <span class='ocrx_word' id='word_1_185' title='bbox 871 1555 960 1624; x_wconf 87' lang='lat' dir='ltr'><strong>adepti</strong></span> <span class='ocrx_word' id='word_1_186' title='bbox 976 1565 1039 1610; x_wconf 88' lang='lat' dir='ltr'><strong>suut</strong></span> <span class='ocrx_word' id='word_1_187' title='bbox 1056 1571 1099 1612; x_wconf 90' lang='lat' dir='ltr'><strong>re·</strong></span> <span class='ocrx_word' id='word_1_188' title='bbox 1149 1561 1221 1631; x_wconf 92' lang='lat' dir='ltr'><strong>puri,</strong></span> <span class='ocrx_word' id='word_1_189' title='bbox 1245 1560 1349 1631; x_wconf 80' lang='lat' dir='ltr'><strong>tntgeru</strong></span> <span class='ocrx_word' id='word_1_190' title='bbox 1365 1565 1468 1621; x_wconf 89' lang='lat' dir='ltr'><strong>securi.</strong></span> <span class='ocrx_word' id='word_1_191' title='bbox 1492 1562 1613 1620; x_wconf 86' lang='lat' dir='ltr'><strong>Primum</strong></span> <span class='ocrx_word' id='word_1_192' title='bbox 1630 1581 1663 1621; x_wconf 82' lang='lat' dir='ltr'><strong>ex</strong></span> <span class='ocrx_word' id='word_1_193' title='bbox 1678 1566 1784 1621; x_wconf 90' lang='lat' dir='ltr'><strong>munda</strong></span> <span class='ocrx_word' id='word_1_194' title='bbox 1799 1568 1940 1624; x_wconf 82' lang='lat' dir='ltr'><strong>couscien-</strong></span> 
     </span>
     <span class='ocr_line' id='line_1_15' title="bbox 307 1642 1939 1727; baseline 0.009 -29"><span class='ocrx_word' id='word_1_195' title='bbox 307 1644 517 1715; x_wconf 87' lang='lat' dir='ltr'><strong>promissiouos.</strong></span> <span class='ocrx_word' id='word_1_196' title='bbox 533 1642 618 1698; x_wconf 86' lang='lat' dir='ltr'><strong>Primi</strong></span> <span class='ocrx_word' id='word_1_197' title='bbox 634 1642 759 1699; x_wconf 85' lang='lat' dir='ltr'><strong>uiuentes</strong></span> <span class='ocrx_word' id='word_1_198' title='bbox 777 1644 946 1702; x_wconf 86' lang='lat' dir='ltr'><strong>descendunt</strong></span> <span class='ocrx_word' id='word_1_199' title='bbox 966 1647 992 1701; x_wconf 89' lang='lat' dir='ltr'><strong>iu</strong></span> <span class='ocrx_word' id='word_1_200' title='bbox 1014 1648 1098 1703; x_wconf 83' lang='lat' dir='ltr'><strong>laler-</strong></span> <span class='ocrx_word' id='word_1_201' title='bbox 1150 1651 1356 1717; x_wconf 87' lang='lat' dir='ltr'><strong>tia,secuudnm</strong></span> <span class='ocrx_word' id='word_1_202' title='bbox 1369 1653 1486 1722; x_wconf 83' lang='lat' dir='ltr'><strong>justitia,</strong></span> <span class='ocrx_word' id='word_1_203' title='bbox 1502 1653 1613 1710; x_wconf 90' lang='lat' dir='ltr'><strong>tertium</strong></span> <span class='ocrx_word' id='word_1_204' title='bbox 1628 1655 1654 1709; x_wconf 92' lang='lat' dir='ltr'><strong>iu</strong></span> <span class='ocrx_word' id='word_1_205' title='bbox 1670 1654 1901 1727; x_wconf 76' lang='lat' dir='ltr'><strong>giuriat’rtnura</strong></span> <span class='ocrx_word' id='word_1_206' title='bbox 1915 1658 1939 1712; x_wconf 94' lang='lat' dir='ltr'><strong>in</strong></span> 
     </span>
     <span class='ocr_line' id='line_1_16' title="bbox 307 1730 1939 1819; baseline 0.009 -29"><span class='ocrx_word' id='word_1_207' title='bbox 307 1751 385 1804; x_wconf 90' lang='lat' dir='ltr'><strong>num,</strong></span> <span class='ocrx_word' id='word_1_208' title='bbox 402 1737 515 1792; x_wconf 88' lang='lat' dir='ltr'><strong>secundi</strong></span> <span class='ocrx_word' id='word_1_209' title='bbox 531 1745 662 1806; x_wconf 88' lang='lat' dir='ltr'><strong>superant</strong></span> <span class='ocrx_word' id='word_1_210' title='bbox 675 1738 709 1790; x_wconf 90' lang='lat' dir='ltr'><strong>ad</strong></span> <span class='ocrx_word' id='word_1_211' title='bbox 725 1750 838 1804; x_wconf 87' lang='lat' dir='ltr'><strong>reguum</strong></span> <span class='ocrx_word' id='word_1_212' title='bbox 855 1752 1017 1806; x_wconf 81' lang='lat' dir='ltr'><strong>surperuuur,</strong></span> <span class='ocrx_word' id='word_1_213' title='bbox 1042 1749 1097 1796; x_wconf 91' lang='lat' dir='ltr'><strong>tcr-</strong></span> <span class='ocrx_word' id='word_1_214' title='bbox 1152 1744 1243 1799; x_wconf 87' lang='lat' dir='ltr'><strong>cordis</strong></span> <span class='ocrx_word' id='word_1_215' title='bbox 1256 1745 1391 1809; x_wconf 87' lang='lat' dir='ltr'><strong>cubiculo,</strong></span> <span class='ocrx_word' id='word_1_216' title='bbox 1418 1730 1569 1803; x_wconf 77' lang='lat' dir='ltr'><strong>sec&#39;uudum</strong></span> <span class='ocrx_word' id='word_1_217' title='bbox 1599 1747 1626 1802; x_wconf 91' lang='lat' dir='ltr'><strong>iu</strong></span> <span class='ocrx_word' id='word_1_218' title='bbox 1646 1746 1761 1819; x_wconf 85' lang='lat' dir='ltr'><strong>judicio,</strong></span> <span class='ocrx_word' id='word_1_219' title='bbox 1779 1748 1893 1804; x_wconf 88' lang='lat' dir='ltr'><strong>tertiam</strong></span> <span class='ocrx_word' id='word_1_220' title='bbox 1914 1750 1939 1805; x_wconf 93' lang='lat' dir='ltr'><strong>in</strong></span> 
     </span>
     <span class='ocr_line' id='line_1_17' title="bbox 307 1823 1936 1909; baseline 0.008 -27"><span class='ocrx_word' id='word_1_221' title='bbox 307 1828 338 1882; x_wconf 93' lang='lat' dir='ltr'><strong>tii</strong></span> <span class='ocrx_word' id='word_1_222' title='bbox 354 1838 470 1898; x_wconf 87' lang='lat' dir='ltr'><strong>regnaut</strong></span> <span class='ocrx_word' id='word_1_223' title='bbox 491 1828 517 1880; x_wconf 90' lang='lat' dir='ltr'><strong>iu</strong></span> <span class='ocrx_word' id='word_1_224' title='bbox 534 1837 681 1882; x_wconf 75' lang='lat' dir='ltr'><strong>arternum.</strong></span> <span class='ocrx_word' id='word_1_225' title='bbox 702 1823 787 1880; x_wconf 81' lang='lat' dir='ltr'>Primi</span> <span class='ocrx_word' id='word_1_226' title='bbox 802 1839 867 1896; x_wconf 91' lang='lat' dir='ltr'><strong>ergo</strong></span> <span class='ocrx_word' id='word_1_227' title='bbox 885 1825 991 1898; x_wconf 88' lang='lat' dir='ltr'><strong>lalgeut</strong></span> <span class='ocrx_word' id='word_1_228' title='bbox 1012 1829 1099 1899; x_wconf 85' lang='lat' dir='ltr'><strong>tripli·</strong></span> <span class='ocrx_word' id='word_1_229' title='bbox 1114 1845 1136 1901; x_wconf 88' lang='lat' dir='ltr'>B</span> <span class='ocrx_word' id='word_1_230' title='bbox 1150 1835 1322 1904; x_wconf 84' lang='lat' dir='ltr'><strong>regui·solio.</strong></span> <span class='ocrx_word' id='word_1_231' title='bbox 1352 1837 1389 1893; x_wconf 86' lang='lat' dir='ltr'><strong>lle</strong></span> <span class='ocrx_word' id='word_1_232' title='bbox 1411 1838 1523 1907; x_wconf 86' lang='lat' dir='ltr'><strong>primo:</strong></span> <span class='ocrx_word' id='word_1_233' title='bbox 1542 1857 1552 1892; x_wconf 85' lang='lat' dir='ltr'><strong>r</strong></span> <span class='ocrx_word' id='word_1_234' title='bbox 1572 1839 1625 1896; x_wconf 84' lang='lat' dir='ltr'><strong>lios</strong></span> <span class='ocrx_word' id='word_1_235' title='bbox 1644 1839 1712 1895; x_wconf 90' lang='lat' dir='ltr'><strong>lucis</strong></span> <span class='ocrx_word' id='word_1_236' title='bbox 1735 1853 1783 1895; x_wconf 81' lang='lat' dir='ltr'><strong>roe</strong></span> <span class='ocrx_word' id='word_1_237' title='bbox 1801 1848 1866 1895; x_wconf 86' lang='lat' dir='ltr'><strong>tuns</strong></span> <span class='ocrx_word' id='word_1_238' title='bbox 1882 1840 1936 1909; x_wconf 83' lang='lat' dir='ltr'><strong>¹⁸,r</strong></span> 
     </span>
     <span class='ocr_line' id='line_1_18' title="bbox 307 1917 1938 1998; baseline 0.004 -25"><span class='ocrx_word' id='word_1_239' title='bbox 307 1918 378 1974; x_wconf 86' lang='lat' dir='ltr'><strong>citor</strong></span> <span class='ocrx_word' id='word_1_240' title='bbox 401 1918 429 1972; x_wconf 90' lang='lat' dir='ltr'><strong>in</strong></span> <span class='ocrx_word' id='word_1_241' title='bbox 454 1917 499 1972; x_wconf 94' lang='lat' dir='ltr'><strong>illa</strong></span> <span class='ocrx_word' id='word_1_242' title='bbox 514 1931 575 1988; x_wconf 74' lang='lat' dir='ltr'><strong>quac</strong></span> <span class='ocrx_word' id='word_1_243' title='bbox 596 1917 755 1989; x_wconf 86' lang='lat' dir='ltr'><strong>deponenda</strong></span> <span class='ocrx_word' id='word_1_244' title='bbox 783 1927 826 1972; x_wconf 89' lang='lat' dir='ltr'><strong>est</strong></span> <span class='ocrx_word' id='word_1_245' title='bbox 847 1917 955 1983; x_wconf 86' lang='lat' dir='ltr'><strong>tunica,</strong></span> <span class='ocrx_word' id='word_1_246' title='bbox 979 1921 1096 1976; x_wconf 90' lang='lat' dir='ltr'><strong>naturali</strong></span> <span class='ocrx_word' id='word_1_247' title='bbox 1149 1924 1254 1980; x_wconf 78' lang='lat' dir='ltr'><strong>seilicet</strong></span> <span class='ocrx_word' id='word_1_248' title='bbox 1275 1925 1363 1996; x_wconf 91' lang='lat' dir='ltr'><strong>gratia</strong></span> <span class='ocrx_word' id='word_1_249' title='bbox 1381 1925 1562 1994; x_wconf 88' lang='lat' dir='ltr'><strong>illuminaus;</strong></span> <span class='ocrx_word' id='word_1_250' title='bbox 1592 1927 1626 1981; x_wconf 90' lang='lat' dir='ltr'><strong>de</strong></span> <span class='ocrx_word' id='word_1_251' title='bbox 1646 1925 1938 1998; x_wconf 76' lang='lat' dir='ltr'><strong>secuudodpostoiusa</strong></span> 
     </span>
     <span class='ocr_line' id='line_1_19' title="bbox 307 2010 1937 2086; baseline 0.002 -21"><span class='ocrx_word' id='word_1_252' title='bbox 307 2010 424 2066; x_wconf 85' lang='lat' dir='ltr'><strong>rationis</strong></span> <span class='ocrx_word' id='word_1_253' title='bbox 439 2010 579 2080; x_wconf 88' lang='lat' dir='ltr'><strong>potentia,</strong></span> <span class='ocrx_word' id='word_1_254' title='bbox 605 2012 742 2067; x_wconf 86' lang='lat' dir='ltr'><strong>muridaua</strong></span> <span class='ocrx_word' id='word_1_255' title='bbox 762 2012 875 2079; x_wconf 89' lang='lat' dir='ltr'><strong>astutia,</strong></span> <span class='ocrx_word' id='word_1_256' title='bbox 898 2014 1098 2070; x_wconf 73' lang='lat' dir='ltr'><strong>ostentationis</strong></span> <span class='ocrx_word' id='word_1_257' title='bbox 1150 2031 1160 2066; x_wconf 85' lang='lat' dir='ltr'><strong>r</strong></span> <span class='ocrx_word' id='word_1_258' title='bbox 1179 2013 1268 2070; x_wconf 86' lang='lat' dir='ltr'><strong>Nolite</strong></span> <span class='ocrx_word' id='word_1_259' title='bbox 1288 2025 1352 2070; x_wconf 90' lang='lat' dir='ltr'><strong>aute</strong></span> <span class='ocrx_word' id='word_1_260' title='bbox 1370 2025 1475 2084; x_wconf 87' lang='lat' dir='ltr'><strong>ternpus</strong></span> <span class='ocrx_word' id='word_1_261' title='bbox 1494 2014 1629 2084; x_wconf 81' lang='lat' dir='ltr'><strong>judicare,</strong></span> <span class='ocrx_word' id='word_1_262' title='bbox 1645 2016 1833 2086; x_wconf 81' lang='lat' dir='ltr'><strong>quoadusque</strong></span> <span class='ocrx_word' id='word_1_263' title='bbox 1847 2015 1937 2071; x_wconf 77' lang='lat' dir='ltr'><strong>veniat</strong></span> 
     </span>
     <span class='ocr_line' id='line_1_20' title="bbox 304 2102 1937 2176; baseline 0.001 -18"><span class='ocrx_word' id='word_1_264' title='bbox 304 2102 448 2175; x_wconf 82' lang='lat' dir='ltr'><strong>iactantia.</strong></span> <span class='ocrx_word' id='word_1_265' title='bbox 475 2103 513 2158; x_wconf 83' lang='lat' dir='ltr'><strong>lie</strong></span> <span class='ocrx_word' id='word_1_266' title='bbox 537 2103 627 2173; x_wconf 92' lang='lat' dir='ltr'><strong>primo</strong></span> <span class='ocrx_word' id='word_1_267' title='bbox 648 2102 772 2159; x_wconf 88' lang='lat' dir='ltr'><strong>dicitur:</strong></span> <span class='ocrx_word' id='word_1_268' title='bbox 795 2102 959 2158; x_wconf 72' lang='lat' dir='ltr'><strong>«illuminat</strong></span> <span class='ocrx_word' id='word_1_269' title='bbox 987 2119 1096 2162; x_wconf 84' lang='lat' dir='ltr'><strong>omrreru</strong></span> <span class='ocrx_word' id='word_1_270' title='bbox 1149 2103 1301 2171; x_wconf 82' lang='lat' dir='ltr'><strong>Dominus,</strong></span> <span class='ocrx_word' id='word_1_271' title='bbox 1321 2105 1368 2176; x_wconf 93' lang='lat' dir='ltr'><strong>qui</strong></span> <span class='ocrx_word' id='word_1_272' title='bbox 1389 2114 1418 2160; x_wconf 90' lang='lat' dir='ltr'><strong>et</strong></span> <span class='ocrx_word' id='word_1_273' title='bbox 1438 2105 1605 2161; x_wconf 75' lang='lat' dir='ltr'><strong>illuminabit</strong></span> <span class='ocrx_word' id='word_1_274' title='bbox 1629 2105 1796 2162; x_wconf 80' lang='lat' dir='ltr'><strong>abscondita</strong></span> <span class='ocrx_word' id='word_1_275' title='bbox 1813 2105 1937 2162; x_wconf 87' lang='lat' dir='ltr'><strong>tenebra·</strong></span> 
     </span>
     <span class='ocr_line' id='line_1_21' title="bbox 306 2192 1936 2266; baseline 0.001 -16"><span class='ocrx_word' id='word_1_276' title='bbox 306 2195 445 2250; x_wconf 89' lang='lat' dir='ltr'><strong>bominem</strong></span> <span class='ocrx_word' id='word_1_277' title='bbox 464 2195 617 2250; x_wconf 79' lang='lat' dir='ltr'><strong>seuientem</strong></span> <span class='ocrx_word' id='word_1_278' title='bbox 638 2192 664 2246; x_wconf 93' lang='lat' dir='ltr'><strong>iu</strong></span> <span class='ocrx_word' id='word_1_279' title='bbox 686 2192 758 2250; x_wconf 90' lang='lat' dir='ltr'><strong>huuc</strong></span> <span class='ocrx_word' id='word_1_280' title='bbox 774 2195 903 2248; x_wconf 89' lang='lat' dir='ltr'><strong>muudum</strong></span> <span class='ocrx_word' id='word_1_281' title='bbox 918 2193 983 2261; x_wconf 79' lang='lat'><strong>⁸⁸3»</strong></span> <span class='ocrx_word' id='word_1_282' title='bbox 1002 2194 1035 2250; x_wconf 90' lang='lat' dir='ltr'><strong>de</strong></span> <span class='ocrx_word' id='word_1_283' title='bbox 1055 2212 1098 2251; x_wconf 83' lang='lat' dir='ltr'><strong>se·</strong></span> <span class='ocrx_word' id='word_1_284' title='bbox 1149 2212 1219 2259; x_wconf 87' lang='lat' dir='ltr'><strong>rum,</strong></span> <span class='ocrx_word' id='word_1_285' title='bbox 1234 2205 1261 2251; x_wconf 89' lang='lat' dir='ltr'><strong>ct</strong></span> <span class='ocrx_word' id='word_1_286' title='bbox 1277 2195 1462 2252; x_wconf 75' lang='lat' dir='ltr'><strong>manifestabit</strong></span> <span class='ocrx_word' id='word_1_287' title='bbox 1475 2197 1587 2252; x_wconf 87' lang='lat' dir='ltr'><strong>consilia</strong></span> <span class='ocrx_word' id='word_1_288' title='bbox 1603 2196 1728 2253; x_wconf 87' lang='lat' dir='ltr'><strong>cordium</strong></span> <span class='ocrx_word' id='word_1_289' title='bbox 1738 2197 1790 2266; x_wconf 83' lang='lat' dir='ltr'><strong>&#39;&#39;;r</strong></span> <span class='ocrx_word' id='word_1_290' title='bbox 1801 2197 1837 2253; x_wconf 89' lang='lat' dir='ltr'><strong>dc</strong></span> <span class='ocrx_word' id='word_1_291' title='bbox 1849 2195 1936 2254; x_wconf 84' lang='lat' dir='ltr'><strong>tertio:</strong></span> 
     </span>
     <span class='ocr_line' id='line_1_22' title="bbox 307 2280 1937 2359; baseline -0.002 -15"><span class='ocrx_word' id='word_1_292' title='bbox 307 2287 436 2359; x_wconf 66' lang='lat' dir='ltr'><strong>cundoet</strong></span> <span class='ocrx_word' id='word_1_293' title='bbox 451 2283 597 2341; x_wconf 73' lang='lat' dir='ltr'><strong>Auferetur</strong></span> <span class='ocrx_word' id='word_1_294' title='bbox 612 2284 646 2339; x_wconf 89' lang='lat' dir='ltr'><strong>ab</strong></span> <span class='ocrx_word' id='word_1_295' title='bbox 661 2284 752 2355; x_wconf 82' lang='lat' dir='ltr'><strong>impiis</strong></span> <span class='ocrx_word' id='word_1_296' title='bbox 767 2286 814 2340; x_wconf 85' lang='lat' dir='ltr'><strong>iux</strong></span> <span class='ocrx_word' id='word_1_297' title='bbox 831 2295 875 2342; x_wconf 91' lang='lat' dir='ltr'><strong>tua</strong></span> <span class='ocrx_word' id='word_1_298' title='bbox 887 2285 950 2352; x_wconf 82' lang='lat' dir='ltr'><strong>”,r</strong></span> <span class='ocrx_word' id='word_1_299' title='bbox 969 2288 1001 2343; x_wconf 90' lang='lat' dir='ltr'><strong>de</strong></span> <span class='ocrx_word' id='word_1_300' title='bbox 1018 2286 1098 2342; x_wconf 89' lang='lat' dir='ltr'><strong>tertio</strong></span> <span class='ocrx_word' id='word_1_301' title='bbox 1150 2300 1160 2336; x_wconf 88' lang='lat' dir='ltr'><strong>r</strong></span> <span class='ocrx_word' id='word_1_302' title='bbox 1175 2281 1329 2353; x_wconf 84' lang='lat' dir='ltr'><strong>Fulgebuut</strong></span> <span class='ocrx_word' id='word_1_303' title='bbox 1349 2280 1416 2351; x_wconf 83' lang='lat' dir='ltr'><strong>justi</strong></span> <span class='ocrx_word' id='word_1_304' title='bbox 1442 2283 1515 2339; x_wconf 86' lang='lat' dir='ltr'><strong>sicut</strong></span> <span class='ocrx_word' id='word_1_305' title='bbox 1542 2284 1583 2339; x_wconf 92' lang='lat' dir='ltr'><strong>sol</strong></span> <span class='ocrx_word' id='word_1_306' title='bbox 1597 2284 1623 2340; x_wconf 93' lang='lat' dir='ltr'><strong>in</strong></span> <span class='ocrx_word' id='word_1_307' title='bbox 1649 2300 1765 2357; x_wconf 84' lang='lat' dir='ltr'><strong>regnum</strong></span> <span class='ocrx_word' id='word_1_308' title='bbox 1783 2285 1877 2343; x_wconf 84' lang='lat' dir='ltr'><strong>Patris</strong></span> <span class='ocrx_word' id='word_1_309' title='bbox 1894 2301 1937 2341; x_wconf 87' lang='lat' dir='ltr'><strong>eo·</strong></span> 
     </span>
     <span class='ocr_line' id='line_1_23' title="bbox 305 2374 1936 2451; baseline 0.001 -16"><span class='ocrx_word' id='word_1_310' title='bbox 305 2376 375 2435; x_wconf 76' lang='lat' dir='ltr'><strong>iob:</strong></span> <span class='ocrx_word' id='word_1_311' title='bbox 390 2396 399 2431; x_wconf 80' lang='lat' dir='ltr'><strong>r</strong></span> <span class='ocrx_word' id='word_1_312' title='bbox 415 2377 443 2433; x_wconf 90' lang='lat' dir='ltr'><strong>Si</strong></span> <span class='ocrx_word' id='word_1_313' title='bbox 459 2377 513 2431; x_wconf 88' lang='lat' dir='ltr'><strong>uidi</strong></span> <span class='ocrx_word' id='word_1_314' title='bbox 528 2376 615 2433; x_wconf 87' lang='lat' dir='ltr'><strong>solem</strong></span> <span class='ocrx_word' id='word_1_315' title='bbox 636 2391 698 2432; x_wconf 92' lang='lat' dir='ltr'><strong>cum</strong></span> <span class='ocrx_word' id='word_1_316' title='bbox 719 2375 847 2448; x_wconf 75' lang='lat' dir='ltr'><strong>migerol,</strong></span> <span class='ocrx_word' id='word_1_317' title='bbox 868 2387 895 2433; x_wconf 91' lang='lat' dir='ltr'><strong>ct</strong></span> <span class='ocrx_word' id='word_1_318' title='bbox 912 2377 1005 2432; x_wconf 87' lang='lat' dir='ltr'><strong>lunam</strong></span> <span class='ocrx_word' id='word_1_319' title='bbox 1020 2377 1096 2432; x_wconf 86' lang='lat' dir='ltr'><strong>ince-</strong></span> <span class='ocrx_word' id='word_1_320' title='bbox 1148 2390 1207 2429; x_wconf 89' lang='lat' dir='ltr'><strong>rum</strong></span> <span class='ocrx_word' id='word_1_321' title='bbox 1221 2375 1272 2430; x_wconf 69' lang='lat' dir='ltr'><strong>”m</strong></span> <span class='ocrx_word' id='word_1_322' title='bbox 1294 2374 1447 2432; x_wconf 78' lang='lat' dir='ltr'><strong>Notandum</strong></span> <span class='ocrx_word' id='word_1_323' title='bbox 1463 2375 1537 2447; x_wconf 90' lang='lat' dir='ltr'><strong>quod</strong></span> <span class='ocrx_word' id='word_1_324' title='bbox 1550 2377 1615 2448; x_wconf 83' lang='lat' dir='ltr'><strong>justi</strong></span> <span class='ocrx_word' id='word_1_325' title='bbox 1636 2393 1709 2433; x_wconf 89' lang='lat' dir='ltr'><strong>nuuc</strong></span> <span class='ocrx_word' id='word_1_326' title='bbox 1737 2376 1846 2451; x_wconf 80' lang='lat' dir='ltr'><strong>irrigent</strong></span> <span class='ocrx_word' id='word_1_327' title='bbox 1872 2379 1936 2435; x_wconf 71' lang='lat' dir='ltr'><strong>iate·</strong></span> 
     </span>
     <span class='ocr_line' id='line_1_24' title="bbox 305 2466 1935 2540; baseline 0.002 -17"><span class='ocrx_word' id='word_1_328' title='bbox 305 2473 414 2526; x_wconf 71' lang='lat' dir='ltr'><strong>alentem</strong></span> <span class='ocrx_word' id='word_1_329' title='bbox 428 2468 547 2525; x_wconf 59' lang='lat' dir='ltr'><strong>clarell.</strong></span> <span class='ocrx_word' id='word_1_330' title='bbox 564 2487 573 2521; x_wconf 87' lang='lat' dir='ltr'><strong>r</strong></span> <span class='ocrx_word' id='word_1_331' title='bbox 591 2466 692 2534; x_wconf 88' lang='lat' dir='ltr'><strong>Prima,</strong></span> <span class='ocrx_word' id='word_1_332' title='bbox 709 2468 815 2524; x_wconf 84' lang='lat' dir='ltr'><strong>scilicet</strong></span> <span class='ocrx_word' id='word_1_333' title='bbox 829 2468 957 2533; x_wconf 85' lang='lat' dir='ltr'><strong>rationis,</strong></span> <span class='ocrx_word' id='word_1_334' title='bbox 976 2469 1097 2539; x_wconf 90' lang='lat' dir='ltr'><strong>quando·</strong></span> <span class='ocrx_word' id='word_1_335' title='bbox 1148 2468 1215 2534; x_wconf 84' lang='lat' dir='ltr'><strong>rius,</strong></span> <span class='ocrx_word' id='word_1_336' title='bbox 1243 2466 1347 2538; x_wconf 85' lang='lat' dir='ltr'><strong>l&#39;ulgcut</strong></span> <span class='ocrx_word' id='word_1_337' title='bbox 1370 2468 1505 2536; x_wconf 82' lang='lat' dir='ltr'><strong>exterius,</strong></span> <span class='ocrx_word' id='word_1_338' title='bbox 1533 2468 1639 2539; x_wconf 85' lang='lat' dir='ltr'><strong>lulgeut</strong></span> <span class='ocrx_word' id='word_1_339' title='bbox 1659 2467 1935 2540; x_wconf 72' lang='lat' dir='ltr'><strong>supertaataur&#39;u</strong></span> 
     </span>
     <span class='ocr_line' id='line_1_25' title="bbox 305 2557 1934 2634; baseline -0.002 -15"><span class='ocrx_word' id='word_1_340' title='bbox 305 2578 360 2634; x_wconf 86' lang='lat' dir='ltr'><strong>que</strong></span> <span class='ocrx_word' id='word_1_341' title='bbox 390 2559 476 2634; x_wconf 89' lang='lat' dir='ltr'><strong>lulget</strong></span> <span class='ocrx_word' id='word_1_342' title='bbox 501 2574 583 2632; x_wconf 87' lang='lat' dir='ltr'><strong>super</strong></span> <span class='ocrx_word' id='word_1_343' title='bbox 611 2568 705 2630; x_wconf 87' lang='lat' dir='ltr'><strong>caput,</strong></span> <span class='ocrx_word' id='word_1_344' title='bbox 730 2560 895 2632; x_wconf 86' lang='lat' dir='ltr'><strong>quaudoque</strong></span> <span class='ocrx_word' id='word_1_345' title='bbox 920 2560 970 2617; x_wconf 85' lang='lat' dir='ltr'><strong>aab</strong></span> <span class='ocrx_word' id='word_1_346' title='bbox 994 2559 1095 2629; x_wconf 88' lang='lat' dir='ltr'><strong>capite,</strong></span> <span class='ocrx_word' id='word_1_347' title='bbox 1148 2558 1190 2613; x_wconf 88' lang='lat' dir='ltr'><strong>sui</strong></span> <span class='ocrx_word' id='word_1_348' title='bbox 1207 2568 1235 2612; x_wconf 89' lang='lat' dir='ltr'><strong>ct</strong></span> <span class='ocrx_word' id='word_1_349' title='bbox 1253 2557 1300 2614; x_wconf 86' lang='lat' dir='ltr'><strong>[ici</strong></span> <span class='ocrx_word' id='word_1_350' title='bbox 1317 2559 1484 2629; x_wconf 88' lang='lat' dir='ltr'><strong>cognitione,</strong></span> <span class='ocrx_word' id='word_1_351' title='bbox 1505 2561 1630 2615; x_wconf 85' lang='lat' dir='ltr'><strong>exterius</strong></span> <span class='ocrx_word' id='word_1_352' title='bbox 1653 2562 1879 2625; x_wconf 78' lang='lat' dir='ltr'><strong>conversatione,</strong></span> <span class='ocrx_word' id='word_1_353' title='bbox 1897 2575 1934 2616; x_wconf 81' lang='lat' dir='ltr'><strong>ut·</strong></span> 
     </span>
     <span class='ocr_line' id='line_1_26' title="bbox 305 2641 1933 2726; baseline 0 -19"><span class='ocrx_word' id='word_1_354' title='bbox 305 2654 470 2726; x_wconf 79' lang='lat' dir='ltr'><strong>quinarioque</strong></span> <span class='ocrx_word' id='word_1_355' title='bbox 492 2653 518 2708; x_wconf 93' lang='lat' dir='ltr'><strong>iu</strong></span> <span class='ocrx_word' id='word_1_356' title='bbox 539 2653 640 2722; x_wconf 82' lang='lat' dir='ltr'><strong>eapite.</strong></span> <span class='ocrx_word' id='word_1_357' title='bbox 661 2651 718 2708; x_wconf 90' lang='lat' dir='ltr'><strong>Sub</strong></span> <span class='ocrx_word' id='word_1_358' title='bbox 736 2641 839 2722; x_wconf 80' lang='lat' dir='ltr'><strong>capite,</strong></span> <span class='ocrx_word' id='word_1_359' title='bbox 863 2654 974 2723; x_wconf 90' lang='lat' dir='ltr'><strong>quando</strong></span> <span class='ocrx_word' id='word_1_360' title='bbox 999 2663 1098 2708; x_wconf 88' lang='lat' dir='ltr'><strong>tractat</strong></span> <span class='ocrx_word' id='word_1_361' title='bbox 1147 2649 1240 2717; x_wconf 87' lang='lat' dir='ltr'><strong>purius</strong></span> <span class='ocrx_word' id='word_1_362' title='bbox 1260 2649 1457 2704; x_wconf 87' lang='lat' dir='ltr'><strong>miraculorum</strong></span> <span class='ocrx_word' id='word_1_363' title='bbox 1481 2649 1662 2707; x_wconf 81' lang='lat' dir='ltr'><strong>exhibitione.</strong></span> <span class='ocrx_word' id='word_1_364' title='bbox 1685 2649 1715 2706; x_wconf 93' lang='lat' dir='ltr'><strong>lu</strong></span> <span class='ocrx_word' id='word_1_365' title='bbox 1733 2655 1826 2722; x_wconf 90' lang='lat' dir='ltr'><strong>primo</strong></span> <span class='ocrx_word' id='word_1_366' title='bbox 1842 2653 1933 2708; x_wconf 78' lang='lat' dir='ltr'><strong>babent</strong></span> 
     </span>
     <span class='ocr_line' id='line_1_27' title="bbox 305 2736 1933 2814; baseline 0.005 -15"><span class='ocrx_word' id='word_1_367' title='bbox 305 2745 387 2800; x_wconf 86' lang='lat' dir='ltr'><strong>boruo</strong></span> <span class='ocrx_word' id='word_1_368' title='bbox 400 2744 433 2799; x_wconf 91' lang='lat' dir='ltr'><strong>de</strong></span> <span class='ocrx_word' id='word_1_369' title='bbox 451 2743 662 2813; x_wconf 85' lang='lat' dir='ltr'><strong>ternporalibus,</strong></span> <span class='ocrx_word' id='word_1_370' title='bbox 689 2742 717 2797; x_wconf 93' lang='lat' dir='ltr'><strong>iu</strong></span> <span class='ocrx_word' id='word_1_371' title='bbox 733 2744 825 2813; x_wconf 87' lang='lat' dir='ltr'><strong>capite</strong></span> <span class='ocrx_word' id='word_1_372' title='bbox 840 2762 848 2809; x_wconf 86' lang='lat'>;</span> <span class='ocrx_word' id='word_1_373' title='bbox 863 2744 973 2814; x_wconf 90' lang='lat' dir='ltr'><strong>quaudo</strong></span> <span class='ocrx_word' id='word_1_374' title='bbox 989 2745 1023 2800; x_wconf 90' lang='lat' dir='ltr'><strong>dc</strong></span> <span class='ocrx_word' id='word_1_375' title='bbox 1041 2745 1097 2814; x_wconf 85' lang='lat' dir='ltr'><strong>spi·</strong></span> <span class='ocrx_word' id='word_1_376' title='bbox 1147 2739 1225 2793; x_wconf 68' lang='lat' dir='ltr'>¹³0¹:ae</span> <span class='ocrx_word' id='word_1_377' title='bbox 1241 2737 1415 2794; x_wconf 65' lang='lat' dir='ltr'><strong>cotisvleltllffl</strong></span> <span class='ocrx_word' id='word_1_378' title='bbox 1434 2736 1655 2807; x_wconf 59' lang='lat' dir='ltr'><strong>delliullffllem·</strong></span> <span class='ocrx_word' id='word_1_379' title='bbox 1678 2741 1707 2797; x_wconf 77' lang='lat' dir='ltr'><strong>ln</strong></span> <span class='ocrx_word' id='word_1_380' title='bbox 1725 2743 1851 2798; x_wconf 62' lang='lat' dir='ltr'><strong>“willo</strong></span> <span class='ocrx_word' id='word_1_381' title='bbox 1862 2741 1933 2798; x_wconf 68' lang='lat' dir='ltr'><strong>Cliti·</strong></span> 
     </span>
     <span class='ocr_line' id='line_1_28' title="bbox 305 2829 1932 2908; baseline 0.004 -30"><span class='ocrx_word' id='word_1_382' title='bbox 305 2835 449 2891; x_wconf 68' lang='lat' dir='ltr'><strong>funalibus</strong></span> <span class='ocrx_word' id='word_1_383' title='bbox 457 2851 466 2899; x_wconf 70' lang='lat'><em>3</em></span> <span class='ocrx_word' id='word_1_384' title='bbox 483 2848 566 2908; x_wconf 65' lang='lat' dir='ltr'><strong>super</strong></span> <span class='ocrx_word' id='word_1_385' title='bbox 580 2842 672 2906; x_wconf 56' lang='lat' dir='ltr'><strong>caput,</strong></span> <span class='ocrx_word' id='word_1_386' title='bbox 686 2835 795 2905; x_wconf 72' lang='lat' dir='ltr'><strong>quando</strong></span> <span class='ocrx_word' id='word_1_387' title='bbox 805 2845 983 2890; x_wconf 68' lang='lat' dir='ltr'><strong>conversatur</strong></span> <span class='ocrx_word' id='word_1_388' title='bbox 997 2835 1023 2890; x_wconf 76' lang='lat' dir='ltr'><strong>ip</strong></span> <span class='ocrx_word' id='word_1_389' title='bbox 1039 2849 1096 2891; x_wconf 74' lang='lat' dir='ltr'><strong>qoe.</strong></span> <span class='ocrx_word' id='word_1_390' title='bbox 1146 2829 1182 2885; x_wconf 78' lang='lat' dir='ltr'><strong>Sil</strong></span> <span class='ocrx_word' id='word_1_391' title='bbox 1207 2829 1401 2898; x_wconf 75' lang='lat' dir='ltr'><strong>iustitutionem,</strong></span> <span class='ocrx_word' id='word_1_392' title='bbox 1420 2832 1446 2885; x_wconf 82' lang='lat' dir='ltr'><strong>lli</strong></span> <span class='ocrx_word' id='word_1_393' title='bbox 1472 2833 1553 2887; x_wconf 88' lang='lat' dir='ltr'><strong>tertio</strong></span> <span class='ocrx_word' id='word_1_394' title='bbox 1583 2832 1687 2888; x_wconf 78' lang='lat' dir='ltr'><strong>lrrcluui</strong></span> <span class='ocrx_word' id='word_1_395' title='bbox 1711 2835 1932 2890; x_wconf 56' lang='lat' dir='ltr'><strong>{dmirailiiiieilb</strong></span> 
     </span>
     <span class='ocr_line' id='line_1_29' title="bbox 305 2921 1930 3000; baseline 0.006 -17"><span class='ocrx_word' id='word_1_396' title='bbox 305 2929 432 2987; x_wconf 80' lang='lat' dir='ltr'><strong>lectibus.</strong></span> <span class='ocrx_word' id='word_1_397' title='bbox 446 2927 499 2984; x_wconf 84' lang='lat' dir='ltr'><strong>Pro</strong></span> <span class='ocrx_word' id='word_1_398' title='bbox 512 2929 600 3000; x_wconf 89' lang='lat' dir='ltr'><strong>primo</strong></span> <span class='ocrx_word' id='word_1_399' title='bbox 614 2929 714 2984; x_wconf 90' lang='lat' dir='ltr'><strong>dicitur</strong></span> <span class='ocrx_word' id='word_1_400' title='bbox 728 2928 762 2983; x_wconf 90' lang='lat' dir='ltr'><strong>dc</strong></span> <span class='ocrx_word' id='word_1_401' title='bbox 776 2927 890 2983; x_wconf 87' lang='lat' dir='ltr'><strong>muliere</strong></span> <span class='ocrx_word' id='word_1_402' title='bbox 907 2926 1096 2984; x_wconf 80' lang='lat' dir='ltr'><strong>lortieron·</strong></span> <span class='ocrx_word' id='word_1_403' title='bbox 1146 2921 1269 2978; x_wconf 87' lang='lat' dir='ltr'><strong>Prinurm</strong></span> <span class='ocrx_word' id='word_1_404' title='bbox 1297 2924 1409 2997; x_wconf 86' lang='lat' dir='ltr'><strong>rogabat</strong></span> <span class='ocrx_word' id='word_1_405' title='bbox 1439 2923 1710 2980; x_wconf 68' lang='lat' dir='ltr'><strong>Dusidttlllttutlni</strong></span> <span class='ocrx_word' id='word_1_406' title='bbox 1739 2926 1838 2983; x_wconf 71' lang='lat' dir='ltr'><strong>oculo-⁸</strong></span> <span class='ocrx_word' id='word_1_407' title='bbox 1853 2941 1930 2992; x_wconf 69' lang='lat' dir='ltr'><strong>Mi·</strong></span> 
     </span>
     <span class='ocr_line' id='line_1_30' title="bbox 304 3014 1932 3090; baseline -0.001 -14"><span class='ocrx_word' id='word_1_408' title='bbox 304 3020 440 3077; x_wconf 78' lang='lat' dir='ltr'><strong>sideros-it</strong></span> <span class='ocrx_word' id='word_1_409' title='bbox 460 3021 573 3075; x_wconf 80' lang='lat' dir='ltr'><strong>sentitus</strong></span> <span class='ocrx_word' id='word_1_410' title='bbox 590 3019 688 3077; x_wconf 92' lang='lat' dir='ltr'><strong>domus</strong></span> <span class='ocrx_word' id='word_1_411' title='bbox 702 3032 768 3086; x_wconf 85' lang='lat' dir='ltr'><strong>suae,</strong></span> <span class='ocrx_word' id='word_1_412' title='bbox 786 3029 813 3074; x_wconf 92' lang='lat' dir='ltr'><strong>et</strong></span> <span class='ocrx_word' id='word_1_413' title='bbox 826 3033 926 3090; x_wconf 87' lang='lat' dir='ltr'><strong>panem</strong></span> <span class='ocrx_word' id='word_1_414' title='bbox 940 3020 1028 3087; x_wconf 88' lang='lat' dir='ltr'><strong>otiosa</strong></span> <span class='ocrx_word' id='word_1_415' title='bbox 1042 3035 1094 3076; x_wconf 92' lang='lat' dir='ltr'><strong>nou</strong></span> <span class='ocrx_word' id='word_1_416' title='bbox 1146 3014 1259 3071; x_wconf 86' lang='lat' dir='ltr'><strong>llouriue</strong></span> <span class='ocrx_word' id='word_1_417' title='bbox 1272 3015 1327 3070; x_wconf 60' lang='grc' dir='ltr'><strong>’Μ</strong></span> <span class='ocrx_word' id='word_1_418' title='bbox 1356 3015 1421 3072; x_wconf 80' lang='lat' dir='ltr'><strong>liae</strong></span> <span class='ocrx_word' id='word_1_419' title='bbox 1448 3027 1491 3073; x_wconf 86' lang='lat' dir='ltr'><strong>est</strong></span> <span class='ocrx_word' id='word_1_420' title='bbox 1517 3017 1615 3073; x_wconf 78' lang='lat' dir='ltr'><strong>uirilier</strong></span> <span class='ocrx_word' id='word_1_421' title='bbox 1629 3032 1691 3087; x_wconf 75' lang='lat' dir='ltr'><strong>quse</strong></span> <span class='ocrx_word' id='word_1_422' title='bbox 1707 3021 1839 3076; x_wconf 86' lang='lat' dir='ltr'><strong>accendit</strong></span> <span class='ocrx_word' id='word_1_423' title='bbox 1851 3019 1932 3075; x_wconf 91' lang='lat' dir='ltr'><strong>lucer·</strong></span> 
     </span>
     <span class='ocr_line' id='line_1_31' title="bbox 305 3107 1928 3180; baseline -0.003 -12"><span class='ocrx_word' id='word_1_424' title='bbox 305 3111 506 3177; x_wconf 71' lang='lat' dir='ltr'><strong>comedit⁸¹,r</strong></span> <span class='ocrx_word' id='word_1_425' title='bbox 533 3112 620 3167; x_wconf 84' lang='lat' dir='ltr'><strong>item:</strong></span> <span class='ocrx_word' id='word_1_426' title='bbox 635 3107 718 3166; x_wconf 81' lang='lat' dir='ltr'><strong>elion</strong></span> <span class='ocrx_word' id='word_1_427' title='bbox 745 3110 937 3180; x_wconf 71' lang='lat' dir='ltr'><strong>exstinguetur</strong></span> <span class='ocrx_word' id='word_1_428' title='bbox 963 3111 991 3165; x_wconf 89' lang='lat' dir='ltr'><strong>in</strong></span> <span class='ocrx_word' id='word_1_429' title='bbox 1014 3121 1095 3167; x_wconf 83' lang='lat' dir='ltr'><strong>nocue</strong></span> <span class='ocrx_word' id='word_1_430' title='bbox 1146 3121 1222 3171; x_wconf 87' lang='lat' dir='ltr'><strong>rraru,</strong></span> <span class='ocrx_word' id='word_1_431' title='bbox 1236 3115 1264 3160; x_wconf 89' lang='lat' dir='ltr'><strong>et</strong></span> <span class='ocrx_word' id='word_1_432' title='bbox 1278 3107 1413 3162; x_wconf 83' lang='lat' dir='ltr'><strong>surltucrtit</strong></span> <span class='ocrx_word' id='word_1_433' title='bbox 1431 3117 1516 3162; x_wconf 86' lang='lat' dir='ltr'><strong>totaur</strong></span> <span class='ocrx_word' id='word_1_434' title='bbox 1539 3108 1672 3174; x_wconf 89' lang='lat' dir='ltr'><strong>domum,</strong></span> <span class='ocrx_word' id='word_1_435' title='bbox 1692 3123 1825 3178; x_wconf 78' lang='lat' dir='ltr'><strong>quaerens</strong></span> <span class='ocrx_word' id='word_1_436' title='bbox 1843 3111 1928 3166; x_wconf 82' lang='lat' dir='ltr'><strong>draei-</strong></span> 
     </span>
     <span class='ocr_line' id='line_1_32' title="bbox 304 3184 1931 3272; baseline 0.006 -13"><span class='ocrx_word' id='word_1_437' title='bbox 304 3205 418 3259; x_wconf 80' lang='lat' dir='ltr'><strong>lucerua</strong></span> <span class='ocrx_word' id='word_1_438' title='bbox 443 3202 502 3272; x_wconf 83' lang='lat' dir='ltr'><strong>ejus</strong></span> <span class='ocrx_word' id='word_1_439' title='bbox 513 3202 572 3257; x_wconf 76' lang='lat'><strong>⁸¹.»</strong></span> <span class='ocrx_word' id='word_1_440' title='bbox 601 3202 631 3257; x_wconf 89' lang='lat' dir='ltr'><strong>iu</strong></span> <span class='ocrx_word' id='word_1_441' title='bbox 656 3213 737 3259; x_wconf 90' lang='lat' dir='ltr'><strong>noete</strong></span> <span class='ocrx_word' id='word_1_442' title='bbox 758 3202 833 3258; x_wconf 89' lang='lat' dir='ltr'><strong>onim</strong></span> <span class='ocrx_word' id='word_1_443' title='bbox 848 3217 952 3270; x_wconf 81' lang='lat' dir='ltr'><strong>sturnus,</strong></span> <span class='ocrx_word' id='word_1_444' title='bbox 974 3218 1038 3259; x_wconf 89' lang='lat' dir='ltr'><strong>curn</strong></span> <span class='ocrx_word' id='word_1_445' title='bbox 1062 3184 1129 3260; x_wconf 81' lang='lat' dir='ltr'><strong>dec</strong></span> <span class='ocrx_word' id='word_1_446' title='bbox 1148 3215 1219 3253; x_wconf 70' lang='lat' dir='ltr'><strong>nram</strong></span> <span class='ocrx_word' id='word_1_447' title='bbox 1238 3215 1317 3269; x_wconf 89' lang='lat' dir='ltr'><strong>quam</strong></span> <span class='ocrx_word' id='word_1_448' title='bbox 1334 3200 1489 3270; x_wconf 69' lang='lat' dir='ltr'><strong>perdiderat</strong></span> <span class='ocrx_word' id='word_1_449' title='bbox 1505 3200 1537 3264; x_wconf 69' lang='lat'><strong>⁸0.</strong></span> <span class='ocrx_word' id='word_1_450' title='bbox 1554 3200 1660 3256; x_wconf 75' lang='lat' dir='ltr'><strong>scitica</strong></span> <span class='ocrx_word' id='word_1_451' title='bbox 1677 3201 1729 3257; x_wconf 87' lang='lat' dir='ltr'><strong>bei</strong></span> <span class='ocrx_word' id='word_1_452' title='bbox 1743 3211 1772 3257; x_wconf 86' lang='lat' dir='ltr'><strong>et</strong></span> <span class='ocrx_word' id='word_1_453' title='bbox 1783 3206 1827 3258; x_wconf 88' lang='lat' dir='ltr'><strong>sui</strong></span> <span class='ocrx_word' id='word_1_454' title='bbox 1843 3205 1931 3270; x_wconf 70' lang='lat' dir='ltr'><strong>cosli·</strong></span> 
     </span>
     <span class='ocr_line' id='line_1_33' title="bbox 304 3289 1931 3367; baseline 0 -17"><span class='ocrx_word' id='word_1_455' title='bbox 304 3296 502 3367; x_wconf 84' lang='lat' dir='ltr'><strong>temporalibus</strong></span> <span class='ocrx_word' id='word_1_456' title='bbox 528 3303 688 3351; x_wconf 83' lang='lat' dir='ltr'><strong>tractamus.</strong></span> <span class='ocrx_word' id='word_1_457' title='bbox 715 3295 754 3350; x_wconf 85' lang='lat' dir='ltr'><strong>be</strong></span> <span class='ocrx_word' id='word_1_458' title='bbox 769 3297 911 3351; x_wconf 87' lang='lat' dir='ltr'><strong>secundo:</strong></span> <span class='ocrx_word' id='word_1_459' title='bbox 928 3312 938 3347; x_wconf 82' lang='lat' dir='ltr'><strong>u</strong></span> <span class='ocrx_word' id='word_1_460' title='bbox 954 3294 1031 3351; x_wconf 78' lang='lat' dir='ltr'><strong>Oculi</strong></span> <span class='ocrx_word' id='word_1_461' title='bbox 1047 3311 1094 3351; x_wconf 93' lang='lat' dir='ltr'><strong>sa·</strong></span> <span class='ocrx_word' id='word_1_462' title='bbox 1148 3301 1267 3355; x_wconf 70' lang='lat' dir='ltr'><strong>tionem,</strong></span> <span class='ocrx_word' id='word_1_463' title='bbox 1282 3289 1382 3362; x_wconf 88' lang='lat' dir='ltr'><strong>alioqui</strong></span> <span class='ocrx_word' id='word_1_464' title='bbox 1402 3292 1502 3346; x_wconf 85' lang='lat' dir='ltr'><strong>dicitur</strong></span> <span class='ocrx_word' id='word_1_465' title='bbox 1515 3293 1539 3346; x_wconf 85' lang='lat' dir='ltr'><strong>ei</strong></span> <span class='ocrx_word' id='word_1_466' title='bbox 1562 3311 1569 3346; x_wconf 91' lang='lat'>:</span> <span class='ocrx_word' id='word_1_467' title='bbox 1586 3310 1596 3343; x_wconf 86' lang='lat' dir='ltr'><strong>r</strong></span> <span class='ocrx_word' id='word_1_468' title='bbox 1615 3292 1643 3347; x_wconf 86' lang='lat' dir='ltr'><strong>st</strong></span> <span class='ocrx_word' id='word_1_469' title='bbox 1662 3293 1779 3364; x_wconf 86' lang='lat' dir='ltr'><strong>ignoras</strong></span> <span class='ocrx_word' id='word_1_470' title='bbox 1798 3305 1838 3360; x_wconf 86' lang='lat' dir='ltr'><strong>te,</strong></span> <span class='ocrx_word' id='word_1_471' title='bbox 1853 3295 1931 3364; x_wconf 89' lang='lat' dir='ltr'><strong>opul·</strong></span> 
     </span>
     <span class='ocr_line' id='line_1_34' title="bbox 303 3383 1932 3460; baseline 0.001 -19"><span class='ocrx_word' id='word_1_472' title='bbox 303 3387 406 3460; x_wconf 88' lang='lat' dir='ltr'><strong>picatis</strong></span> <span class='ocrx_word' id='word_1_473' title='bbox 423 3387 555 3457; x_wconf 84' lang='lat' dir='ltr'><strong>incapite</strong></span> <span class='ocrx_word' id='word_1_474' title='bbox 575 3387 635 3458; x_wconf 79' lang='lat' dir='ltr'><strong>ejus</strong></span> <span class='ocrx_word' id='word_1_475' title='bbox 655 3385 689 3442; x_wconf 76' lang='lat'><strong>⁸⁸.</strong></span> <span class='ocrx_word' id='word_1_476' title='bbox 706 3405 717 3440; x_wconf 78' lang='lat' dir='ltr'><strong>s</strong></span> <span class='ocrx_word' id='word_1_477' title='bbox 744 3386 783 3442; x_wconf 86' lang='lat' dir='ltr'><strong>lie</strong></span> <span class='ocrx_word' id='word_1_478' title='bbox 807 3387 887 3442; x_wconf 87' lang='lat' dir='ltr'><strong>tertio</strong></span> <span class='ocrx_word' id='word_1_479' title='bbox 904 3386 976 3443; x_wconf 73' lang='lat' dir='ltr'><strong>lobs</strong></span> <span class='ocrx_word' id='word_1_480' title='bbox 998 3407 1008 3442; x_wconf 85' lang='lat' dir='ltr'><strong>r</strong></span> <span class='ocrx_word' id='word_1_481' title='bbox 1025 3389 1094 3456; x_wconf 81' lang='lat' dir='ltr'><strong>Quis</strong></span> <span class='ocrx_word' id='word_1_482' title='bbox 1147 3384 1285 3440; x_wconf 84' lang='lat' dir='ltr'><strong>oberrirna</strong></span> <span class='ocrx_word' id='word_1_483' title='bbox 1302 3385 1374 3439; x_wconf 89' lang='lat' dir='ltr'><strong>iutcr</strong></span> <span class='ocrx_word' id='word_1_484' title='bbox 1389 3383 1529 3448; x_wconf 86' lang='lat' dir='ltr'><strong>mulieres,</strong></span> <span class='ocrx_word' id='word_1_485' title='bbox 1542 3385 1687 3456; x_wconf 74' lang='lat' dir='ltr'><strong>egredere,</strong></span> <span class='ocrx_word' id='word_1_486' title='bbox 1708 3395 1739 3440; x_wconf 90' lang='lat' dir='ltr'><strong>et</strong></span> <span class='ocrx_word' id='word_1_487' title='bbox 1754 3386 1878 3458; x_wconf 86' lang='lat' dir='ltr'><strong>abipost</strong></span> <span class='ocrx_word' id='word_1_488' title='bbox 1893 3402 1932 3443; x_wconf 85' lang='lat' dir='ltr'><strong>re·</strong></span> 
     </span>
     <span class='ocr_line' id='line_1_35' title="bbox 306 3476 1929 3550; baseline 0.002 -18"><span class='ocrx_word' id='word_1_489' title='bbox 306 3477 377 3532; x_wconf 89' lang='lat' dir='ltr'><strong>ruibi</strong></span> <span class='ocrx_word' id='word_1_490' title='bbox 392 3480 449 3543; x_wconf 92' lang='lat' dir='ltr'><strong>det,</strong></span> <span class='ocrx_word' id='word_1_491' title='bbox 465 3485 495 3532; x_wconf 92' lang='lat' dir='ltr'><strong>ut</strong></span> <span class='ocrx_word' id='word_1_492' title='bbox 515 3477 567 3533; x_wconf 91' lang='lat' dir='ltr'><strong>sim</strong></span> <span class='ocrx_word' id='word_1_493' title='bbox 578 3476 656 3547; x_wconf 77' lang='lat' dir='ltr'><strong>iuxta</strong></span> <span class='ocrx_word' id='word_1_494' title='bbox 670 3491 778 3533; x_wconf 90' lang='lat' dir='ltr'><strong>menses</strong></span> <span class='ocrx_word' id='word_1_495' title='bbox 790 3476 931 3549; x_wconf 84' lang='lat' dir='ltr'><strong>pristinos,</strong></span> <span class='ocrx_word' id='word_1_496' title='bbox 943 3479 1093 3534; x_wconf 86' lang='lat' dir='ltr'><strong>secuudum</strong></span> <span class='ocrx_word' id='word_1_497' title='bbox 1146 3477 1226 3550; x_wconf 89' lang='lat' dir='ltr'><strong>stigia</strong></span> <span class='ocrx_word' id='word_1_498' title='bbox 1250 3493 1362 3549; x_wconf 89' lang='lat' dir='ltr'><strong>gregum</strong></span> <span class='ocrx_word' id='word_1_499' title='bbox 1380 3486 1488 3534; x_wconf 90' lang='lat' dir='ltr'><strong>tuorum</strong></span> <span class='ocrx_word' id='word_1_500' title='bbox 1502 3478 1535 3532; x_wconf 84' lang='lat'><strong>⁸¹.</strong></span> <span class='ocrx_word' id='word_1_501' title='bbox 1555 3497 1565 3530; x_wconf 85' lang='lat' dir='ltr'><strong>r</strong></span> <span class='ocrx_word' id='word_1_502' title='bbox 1594 3478 1627 3533; x_wconf 75' lang='lat' dir='ltr'><strong>tit</strong></span> <span class='ocrx_word' id='word_1_503' title='bbox 1639 3478 1673 3534; x_wconf 90' lang='lat' dir='ltr'><strong>de</strong></span> <span class='ocrx_word' id='word_1_504' title='bbox 1687 3477 1738 3535; x_wconf 76' lang='lat' dir='ltr'><strong>bei</strong></span> <span class='ocrx_word' id='word_1_505' title='bbox 1763 3481 1929 3548; x_wconf 72' lang='lat' dir='ltr'><strong>cognitione:</strong></span> 
     </span>
     <span class='ocr_line' id='line_1_36' title="bbox 303 3565 1932 3644; baseline 0.003 -24"><span class='ocrx_word' id='word_1_506' title='bbox 303 3568 362 3622; x_wconf 78' lang='lat' dir='ltr'><strong>alies</strong></span> <span class='ocrx_word' id='word_1_507' title='bbox 378 3566 404 3621; x_wconf 90' lang='lat' dir='ltr'><strong>ia</strong></span> <span class='ocrx_word' id='word_1_508' title='bbox 418 3567 517 3636; x_wconf 90' lang='lat' dir='ltr'><strong>quibus</strong></span> <span class='ocrx_word' id='word_1_509' title='bbox 531 3566 603 3622; x_wconf 86' lang='lat' dir='ltr'><strong>beas</strong></span> <span class='ocrx_word' id='word_1_510' title='bbox 619 3565 792 3622; x_wconf 87' lang='lat' dir='ltr'><strong>custodiebat</strong></span> <span class='ocrx_word' id='word_1_511' title='bbox 805 3566 869 3622; x_wconf 87' lang='lat' dir='ltr'><strong>mel</strong></span> <span class='ocrx_word' id='word_1_512' title='bbox 881 3569 990 3638; x_wconf 89' lang='lat' dir='ltr'><strong>quando</strong></span> <span class='ocrx_word' id='word_1_513' title='bbox 1001 3568 1095 3640; x_wconf 88' lang='lat' dir='ltr'><strong>splen·</strong></span> <span class='ocrx_word' id='word_1_514' title='bbox 1148 3568 1251 3625; x_wconf 77' lang='lat' dir='ltr'><strong>«Tanto</strong></span> <span class='ocrx_word' id='word_1_515' title='bbox 1277 3578 1399 3640; x_wconf 85' lang='lat' dir='ltr'><strong>tenrpore</strong></span> <span class='ocrx_word' id='word_1_516' title='bbox 1418 3568 1558 3624; x_wconf 85' lang='lat' dir='ltr'><strong>uobiscum</strong></span> <span class='ocrx_word' id='word_1_517' title='bbox 1573 3582 1633 3623; x_wconf 90' lang='lat' dir='ltr'><strong>sum</strong></span> <span class='ocrx_word' id='word_1_518' title='bbox 1651 3576 1678 3623; x_wconf 92' lang='lat' dir='ltr'><strong>et</strong></span> <span class='ocrx_word' id='word_1_519' title='bbox 1692 3583 1749 3624; x_wconf 88' lang='lat' dir='ltr'><strong>nou</strong></span> <span class='ocrx_word' id='word_1_520' title='bbox 1772 3571 1932 3644; x_wconf 73' lang='lat' dir='ltr'><strong>cognovistis</strong></span> 
     </span>
     <span class='ocr_line' id='line_1_37' title="bbox 304 3657 1933 3732; baseline 0.002 -18"><span class='ocrx_word' id='word_1_521' title='bbox 304 3660 386 3716; x_wconf 84' lang='lat' dir='ltr'><strong>dabat</strong></span> <span class='ocrx_word' id='word_1_522' title='bbox 400 3660 512 3715; x_wconf 85' lang='lat' dir='ltr'><strong>lucerua</strong></span> <span class='ocrx_word' id='word_1_523' title='bbox 531 3658 591 3730; x_wconf 79' lang='lat' dir='ltr'><strong>ejus</strong></span> <span class='ocrx_word' id='word_1_524' title='bbox 604 3672 685 3729; x_wconf 86' lang='lat' dir='ltr'><strong>super</strong></span> <span class='ocrx_word' id='word_1_525' title='bbox 699 3666 782 3728; x_wconf 76' lang='lat' dir='ltr'><strong>captui</strong></span> <span class='ocrx_word' id='word_1_526' title='bbox 795 3673 895 3727; x_wconf 82' lang='lat' dir='ltr'><strong>aticum,</strong></span> <span class='ocrx_word' id='word_1_527' title='bbox 909 3669 937 3715; x_wconf 89' lang='lat' dir='ltr'><strong>et</strong></span> <span class='ocrx_word' id='word_1_528' title='bbox 952 3662 986 3717; x_wconf 85' lang='lat' dir='ltr'><strong>ad</strong></span> <span class='ocrx_word' id='word_1_529' title='bbox 1002 3663 1094 3719; x_wconf 87' lang='lat' dir='ltr'><strong>luruen</strong></span> <span class='ocrx_word' id='word_1_530' title='bbox 1146 3661 1259 3719; x_wconf 80' lang='lat' dir='ltr'><strong>me⁴¹lr</strong></span> <span class='ocrx_word' id='word_1_531' title='bbox 1281 3660 1314 3717; x_wconf 81' lang='lat' dir='ltr'><strong>bt</strong></span> <span class='ocrx_word' id='word_1_532' title='bbox 1336 3671 1426 3716; x_wconf 80' lang='lat' dir='ltr'><strong>anatem</strong></span> <span class='ocrx_word' id='word_1_533' title='bbox 1452 3657 1623 3731; x_wconf 89' lang='lat' dir='ltr'><strong>cognoscatis</strong></span> <span class='ocrx_word' id='word_1_534' title='bbox 1637 3657 1724 3716; x_wconf 83' lang='lat' dir='ltr'><strong>Deum</strong></span> <span class='ocrx_word' id='word_1_535' title='bbox 1745 3669 1776 3715; x_wconf 87' lang='lat' dir='ltr'><strong>ut</strong></span> <span class='ocrx_word' id='word_1_536' title='bbox 1792 3664 1933 3732; x_wconf 81' lang='lat' dir='ltr'><strong>prudentes</strong></span> 
     </span>
     <span class='ocr_line' id='line_1_38' title="bbox 304 3750 1932 3825; baseline 0.002 -21"><span class='ocrx_word' id='word_1_537' title='bbox 304 3752 362 3818; x_wconf 80' lang='lat' dir='ltr'><strong>rius</strong></span> <span class='ocrx_word' id='word_1_538' title='bbox 386 3752 559 3806; x_wconf 90' lang='lat' dir='ltr'><strong>ambulabam</strong></span> <span class='ocrx_word' id='word_1_539' title='bbox 583 3750 612 3806; x_wconf 94' lang='lat' dir='ltr'><strong>iu</strong></span> <span class='ocrx_word' id='word_1_540' title='bbox 634 3750 826 3806; x_wconf 75' lang='lat' dir='ltr'><strong>tenebris⁸⁸ir</strong></span> <span class='ocrx_word' id='word_1_541' title='bbox 853 3755 907 3807; x_wconf 77' lang='lat' dir='ltr'><strong>Sed</strong></span> <span class='ocrx_word' id='word_1_542' title='bbox 931 3768 971 3808; x_wconf 79' lang='lat' dir='ltr'><strong>ra</strong></span> <span class='ocrx_word' id='word_1_543' title='bbox 998 3754 1089 3823; x_wconf 83' lang='lat' dir='ltr'><strong>nolis,</strong></span> <span class='ocrx_word' id='word_1_544' title='bbox 1144 3755 1287 3825; x_wconf 86' lang='lat' dir='ltr'><strong>uirgines,</strong></span> <span class='ocrx_word' id='word_1_545' title='bbox 1315 3763 1407 3824; x_wconf 90' lang='lat' dir='ltr'><strong>aptate</strong></span> <span class='ocrx_word' id='word_1_546' title='bbox 1438 3752 1580 3824; x_wconf 84' lang='lat' dir='ltr'><strong>lampades</strong></span> <span class='ocrx_word' id='word_1_547' title='bbox 1605 3763 1713 3810; x_wconf 80' lang='lat' dir='ltr'><strong>restrae</strong></span> <span class='ocrx_word' id='word_1_548' title='bbox 1727 3751 1765 3808; x_wconf 76' lang='lat'><strong>⁶⁸.</strong></span> <span class='ocrx_word' id='word_1_549' title='bbox 1792 3752 1842 3809; x_wconf 86' lang='lat' dir='ltr'><strong>Sic</strong></span> <span class='ocrx_word' id='word_1_550' title='bbox 1862 3753 1932 3809; x_wconf 87' lang='lat' dir='ltr'><strong>eritis</strong></span> 
     </span>
     <span class='ocr_line' id='line_1_39' title="bbox 304 3843 1931 3918; baseline 0.001 -20"><span class='ocrx_word' id='word_1_551' title='bbox 304 3846 369 3916; x_wconf 91' lang='lat' dir='ltr'><strong>quia</strong></span> <span class='ocrx_word' id='word_1_552' title='bbox 389 3844 445 3899; x_wconf 85' lang='lat' dir='ltr'><strong>baec</strong></span> <span class='ocrx_word' id='word_1_553' title='bbox 467 3843 512 3899; x_wconf 82' lang='lat' dir='ltr'><strong>lux</strong></span> <span class='ocrx_word' id='word_1_554' title='bbox 525 3843 650 3910; x_wconf 88' lang='lat' dir='ltr'><strong>rationis,</strong></span> <span class='ocrx_word' id='word_1_555' title='bbox 676 3843 778 3900; x_wconf 88' lang='lat' dir='ltr'><strong>relictis</strong></span> <span class='ocrx_word' id='word_1_556' title='bbox 793 3843 996 3916; x_wconf 87' lang='lat' dir='ltr'><strong>spiritualibus,</strong></span> <span class='ocrx_word' id='word_1_557' title='bbox 1009 3853 1093 3901; x_wconf 90' lang='lat' dir='ltr'><strong>totam</strong></span> <span class='ocrx_word' id='word_1_558' title='bbox 1145 3847 1337 3902; x_wconf 73' lang='lat' dir='ltr'><strong>catarilelabruur</strong></span> <span class='ocrx_word' id='word_1_559' title='bbox 1361 3845 1443 3918; x_wconf 70' lang='lat'><strong>108</strong></span> <span class='ocrx_word' id='word_1_560' title='bbox 1468 3845 1495 3900; x_wconf 92' lang='lat' dir='ltr'><strong>iu</strong></span> <span class='ocrx_word' id='word_1_561' title='bbox 1517 3843 1694 3902; x_wconf 85' lang='lat' dir='ltr'><strong>tabernaculo</strong></span> <span class='ocrx_word' id='word_1_562' title='bbox 1723 3846 1752 3900; x_wconf 93' lang='lat' dir='ltr'><strong>in</strong></span> <span class='ocrx_word' id='word_1_563' title='bbox 1782 3859 1838 3917; x_wconf 87' lang='lat' dir='ltr'><strong>quo</strong></span> <span class='ocrx_word' id='word_1_564' title='bbox 1861 3856 1931 3900; x_wconf 87' lang='lat' dir='ltr'><strong>eraut</strong></span> 
     </span>
     <span class='ocr_line' id='line_1_40' title="bbox 304 3933 1930 4006; baseline -0.002 -13"><span class='ocrx_word' id='word_1_565' title='bbox 304 3952 336 3993; x_wconf 85' lang='lat' dir='ltr'><strong>se</strong></span> <span class='ocrx_word' id='word_1_566' title='bbox 357 3936 478 4006; x_wconf 84' lang='lat' dir='ltr'><strong>implicat</strong></span> <span class='ocrx_word' id='word_1_567' title='bbox 503 3934 712 4006; x_wconf 87' lang='lat' dir='ltr'><strong>teurporalibus,</strong></span> <span class='ocrx_word' id='word_1_568' title='bbox 736 3937 826 3990; x_wconf 79' lang='lat' dir='ltr'><strong>uiride:</strong></span> <span class='ocrx_word' id='word_1_569' title='bbox 857 3935 1022 4001; x_wconf 77' lang='lat' dir='ltr'><strong>‹Quruuodo</strong></span> <span class='ocrx_word' id='word_1_570' title='bbox 1044 3936 1094 3992; x_wconf 92' lang='lat' dir='ltr'><strong>ob·</strong></span> <span class='ocrx_word' id='word_1_571' title='bbox 1144 3947 1247 4006; x_wconf 87' lang='lat' dir='ltr'><strong>septem</strong></span> <span class='ocrx_word' id='word_1_572' title='bbox 1275 3936 1393 3991; x_wconf 78' lang='lat' dir='ltr'><strong>lucerua</strong></span> <span class='ocrx_word' id='word_1_573' title='bbox 1417 3952 1424 3988; x_wconf 75' lang='grc' dir='ltr'><strong><em>ε</em></strong></span> <span class='ocrx_word' id='word_1_574' title='bbox 1449 3934 1553 3990; x_wconf 89' lang='lat' dir='ltr'><strong>scilicet</strong></span> <span class='ocrx_word' id='word_1_575' title='bbox 1578 3943 1682 4005; x_wconf 85' lang='lat' dir='ltr'><strong>septem</strong></span> <span class='ocrx_word' id='word_1_576' title='bbox 1715 3935 1790 3990; x_wconf 87' lang='lat' dir='ltr'><strong>dona</strong></span> <span class='ocrx_word' id='word_1_577' title='bbox 1818 3933 1930 4006; x_wconf 86' lang='lat' dir='ltr'><strong>Spiritus</strong></span> 
     </span>
     <span class='ocr_line' id='line_1_41' title="bbox 304 4023 1931 4094; baseline -0.004 -11"><span class='ocrx_word' id='word_1_578' title='bbox 304 4034 610 4091; x_wconf 79' lang='lat' dir='ltr'><strong>usuratumestaurum,</strong></span> <span class='ocrx_word' id='word_1_579' title='bbox 621 4033 741 4080; x_wconf 90' lang='lat' dir='ltr'><strong>mutatus</strong></span> <span class='ocrx_word' id='word_1_580' title='bbox 752 4032 795 4080; x_wconf 88' lang='lat' dir='ltr'><strong>cst</strong></span> <span class='ocrx_word' id='word_1_581' title='bbox 809 4023 885 4081; x_wconf 92' lang='lat' dir='ltr'><strong>color</strong></span> <span class='ocrx_word' id='word_1_582' title='bbox 898 4023 1089 4094; x_wconf 59' lang='lat' dir='ltr'><strong>opriarasut·</strong></span> <span class='ocrx_word' id='word_1_583' title='bbox 1143 4028 1244 4083; x_wconf 82' lang='lat' dir='ltr'><strong>satiati.</strong></span> <span class='ocrx_word' id='word_1_584' title='bbox 1271 4025 1416 4082; x_wconf 81' lang='lat' dir='ltr'><strong>Oluaerna</strong></span> <span class='ocrx_word' id='word_1_585' title='bbox 1434 4024 1609 4080; x_wconf 73' lang='lat' dir='ltr'><strong>conscientie</strong></span> <span class='ocrx_word' id='word_1_586' title='bbox 1632 4024 1740 4081; x_wconf 88' lang='lat' dir='ltr'><strong>babeas</strong></span> <span class='ocrx_word' id='word_1_587' title='bbox 1765 4024 1839 4081; x_wconf 83' lang='lat' dir='ltr'><strong>intra</strong></span> <span class='ocrx_word' id='word_1_588' title='bbox 1855 4040 1884 4082; x_wconf 88' lang='lat' dir='ltr'><strong>se</strong></span> <span class='ocrx_word' id='word_1_589' title='bbox 1897 4024 1931 4077; x_wconf 92' lang='lat' dir='ltr'><strong>lu·</strong></span> 
     </span>
     <span class='ocr_line' id='line_1_42' title="bbox 304 4113 1928 4187; baseline -0.003 -12"><span class='ocrx_word' id='word_1_590' title='bbox 304 4118 369 4175; x_wconf 89' lang='lat' dir='ltr'><strong>lude</strong></span> <span class='ocrx_word' id='word_1_591' title='bbox 392 4119 543 4173; x_wconf 89' lang='lat' dir='ltr'><strong>clamamus</strong></span> <span class='ocrx_word' id='word_1_592' title='bbox 566 4131 617 4187; x_wconf 87' lang='lat' dir='ltr'><strong>pro</strong></span> <span class='ocrx_word' id='word_1_593' title='bbox 633 4116 827 4185; x_wconf 75' lang='lat' dir='ltr'><strong>{corporalibus</strong></span> <span class='ocrx_word' id='word_1_594' title='bbox 849 4116 992 4171; x_wconf 77' lang='lat' dir='ltr'><strong>:sclavis</strong></span> <span class='ocrx_word' id='word_1_595' title='bbox 1007 4116 1092 4172; x_wconf 84' lang='lat' dir='ltr'><strong>Dauid</strong></span> <span class='ocrx_word' id='word_1_596' title='bbox 1144 4133 1206 4172; x_wconf 82' lang='lat' dir='ltr'><strong>taren</strong></span> <span class='ocrx_word' id='word_1_597' title='bbox 1233 4117 1312 4182; x_wconf 89' lang='lat' dir='ltr'><strong>ildei,</strong></span> <span class='ocrx_word' id='word_1_598' title='bbox 1345 4116 1434 4170; x_wconf 89' lang='lat' dir='ltr'><strong>oleum</strong></span> <span class='ocrx_word' id='word_1_599' title='bbox 1463 4113 1673 4179; x_wconf 77' lang='lat' dir='ltr'><strong>ntisericordiae,</strong></span> <span class='ocrx_word' id='word_1_600' title='bbox 1697 4115 1793 4187; x_wconf 85' lang='lat' dir='ltr'><strong>iguem</strong></span> <span class='ocrx_word' id='word_1_601' title='bbox 1823 4119 1928 4172; x_wconf 83' lang='lat' dir='ltr'><strong>amoris.</strong></span> 
     </span>
     <span class='ocr_line' id='line_1_43' title="bbox 305 4205 1928 4288; baseline -0.006 -16"><span class='ocrx_word' id='word_1_602' title='bbox 305 4213 477 4288; x_wconf 82' lang='lat' dir='ltr'><strong>quaeclaudit</strong></span> <span class='ocrx_word' id='word_1_603' title='bbox 491 4225 519 4267; x_wconf 81' lang='lat' dir='ltr'><strong>et</strong></span> <span class='ocrx_word' id='word_1_604' title='bbox 538 4229 619 4267; x_wconf 78' lang='lat' dir='ltr'><strong>sterno</strong></span> <span class='ocrx_word' id='word_1_605' title='bbox 633 4210 765 4283; x_wconf 77' lang='lat' dir='ltr'><strong>aperit⁴⁸,</strong></span> <span class='ocrx_word' id='word_1_606' title='bbox 778 4211 878 4266; x_wconf 79' lang='lat' dir='ltr'><strong>seruiet</strong></span> <span class='ocrx_word' id='word_1_607' title='bbox 891 4213 1091 4267; x_wconf 88' lang='lat' dir='ltr'><strong>educuiuctum</strong></span> <span class='ocrx_word' id='word_1_608' title='bbox 1143 4211 1166 4266; x_wconf 92' lang='lat'>0</span> <span class='ocrx_word' id='word_1_609' title='bbox 1185 4211 1262 4264; x_wconf 86' lang='lat' dir='ltr'><strong>beata</strong></span> <span class='ocrx_word' id='word_1_610' title='bbox 1278 4207 1445 4263; x_wconf 88' lang='lat' dir='ltr'><strong>conscicntia</strong></span> <span class='ocrx_word' id='word_1_611' title='bbox 1459 4220 1520 4276; x_wconf 70' lang='lat' dir='ltr'><strong>quac</strong></span> <span class='ocrx_word' id='word_1_612' title='bbox 1535 4205 1626 4261; x_wconf 89' lang='lat' dir='ltr'><strong>dicere</strong></span> <span class='ocrx_word' id='word_1_613' title='bbox 1639 4214 1730 4275; x_wconf 88' lang='lat' dir='ltr'><strong>potest</strong></span> <span class='ocrx_word' id='word_1_614' title='bbox 1750 4222 1788 4263; x_wconf 80' lang='lat' dir='ltr'><strong>eu</strong></span> <span class='ocrx_word' id='word_1_615' title='bbox 1800 4207 1928 4265; x_wconf 76' lang='lat' dir='ltr'><strong>seuterub</strong></span> 
     </span>
     <span class='ocr_line' id='line_1_44' title="bbox 304 4297 1926 4370; baseline -0.009 -5"><span class='ocrx_word' id='word_1_616' title='bbox 304 4314 340 4367; x_wconf 88' lang='lat' dir='ltr'><strong>de</strong></span> <span class='ocrx_word' id='word_1_617' title='bbox 351 4312 430 4363; x_wconf 92' lang='lat' dir='ltr'><strong>domo</strong></span> <span class='ocrx_word' id='word_1_618' title='bbox 445 4305 565 4362; x_wconf 88' lang='lat' dir='ltr'><strong>carceris</strong></span> <span class='ocrx_word' id='word_1_619' title='bbox 576 4305 610 4370; x_wconf 71' lang='lat'><strong>⁸¹,</strong></span> <span class='ocrx_word' id='word_1_620' title='bbox 630 4304 767 4358; x_wconf 86' lang='lat' dir='ltr'><strong>sedcutcm</strong></span> <span class='ocrx_word' id='word_1_621' title='bbox 783 4303 810 4358; x_wconf 92' lang='lat' dir='ltr'><strong>in</strong></span> <span class='ocrx_word' id='word_1_622' title='bbox 825 4305 945 4358; x_wconf 89' lang='lat' dir='ltr'><strong>tenebris</strong></span> <span class='ocrx_word' id='word_1_623' title='bbox 957 4311 985 4358; x_wconf 90' lang='lat' dir='ltr'><strong>et</strong></span> <span class='ocrx_word' id='word_1_624' title='bbox 998 4304 1092 4359; x_wconf 90' lang='lat' dir='ltr'><strong>umbra</strong></span> <span class='ocrx_word' id='word_1_625' title='bbox 1145 4298 1292 4357; x_wconf 82' lang='lat' dir='ltr'><strong>cirraiob:</strong></span> <span class='ocrx_word' id='word_1_626' title='bbox 1311 4298 1532 4369; x_wconf 77' lang='lat' dir='ltr'><strong>‹dtrdituauris</strong></span> <span class='ocrx_word' id='word_1_627' title='bbox 1556 4297 1646 4353; x_wconf 85' lang='lat' dir='ltr'><strong>audiri</strong></span> <span class='ocrx_word' id='word_1_628' title='bbox 1676 4307 1713 4363; x_wconf 84' lang='lat' dir='ltr'><strong>te,</strong></span> <span class='ocrx_word' id='word_1_629' title='bbox 1744 4315 1820 4356; x_wconf 90' lang='lat' dir='ltr'><strong>nunc</strong></span> <span class='ocrx_word' id='word_1_630' title='bbox 1846 4309 1926 4354; x_wconf 87' lang='lat' dir='ltr'><strong>autem</strong></span> 
     </span>
     <span class='ocr_line' id='line_1_45' title="bbox 305 4389 1927 4464; baseline -0.006 -10"><span class='ocrx_word' id='word_1_631' title='bbox 305 4397 463 4454; x_wconf 53' lang='lat' dir='ltr'><strong>dionisii»</strong></span> <span class='ocrx_word' id='word_1_632' title='bbox 479 4396 530 4450; x_wconf 83' lang='lat' dir='ltr'><strong>Pro</strong></span> <span class='ocrx_word' id='word_1_633' title='bbox 545 4392 752 4464; x_wconf 86' lang='lat' dir='ltr'><strong>spiritualibus:</strong></span> <span class='ocrx_word' id='word_1_634' title='bbox 768 4389 971 4462; x_wconf 71' lang='lat' dir='ltr'><strong>adsumentis,</strong></span> <span class='ocrx_word' id='word_1_635' title='bbox 986 4408 1046 4462; x_wconf 75' lang='lat' dir='ltr'><strong>quar</strong></span> <span class='ocrx_word' id='word_1_636' title='bbox 1059 4408 1091 4448; x_wconf 85' lang='lat' dir='ltr'><strong>eu</strong></span> <span class='ocrx_word' id='word_1_637' title='bbox 1143 4392 1240 4449; x_wconf 88' lang='lat' dir='ltr'><strong>oculus</strong></span> <span class='ocrx_word' id='word_1_638' title='bbox 1253 4405 1330 4446; x_wconf 85' lang='lat' dir='ltr'><strong>ruens</strong></span> <span class='ocrx_word' id='word_1_639' title='bbox 1347 4392 1419 4445; x_wconf 87' lang='lat' dir='ltr'><strong>uidet</strong></span> <span class='ocrx_word' id='word_1_640' title='bbox 1435 4397 1472 4444; x_wconf 89' lang='lat' dir='ltr'><strong>tc.</strong></span> <span class='ocrx_word' id='word_1_641' title='bbox 1494 4389 1557 4445; x_wconf 92' lang='lat' dir='ltr'><strong>ldeo</strong></span> <span class='ocrx_word' id='word_1_642' title='bbox 1578 4403 1621 4446; x_wconf 88' lang='lat' dir='ltr'><strong>rue</strong></span> <span class='ocrx_word' id='word_1_643' title='bbox 1645 4390 1822 4460; x_wconf 84' lang='lat' dir='ltr'><strong>reprebendo</strong></span> <span class='ocrx_word' id='word_1_644' title='bbox 1840 4400 1867 4447; x_wconf 87' lang='lat' dir='ltr'><strong>et</strong></span> <span class='ocrx_word' id='word_1_645' title='bbox 1884 4405 1927 4460; x_wconf 87' lang='lat' dir='ltr'><strong>ago</strong></span> 
     </span>
    </p>
   </div>
   <div class='ocr_carea' id='block_1_3' title="bbox 303 4479 1926 5016">
    <p class='ocr_par' dir='ltr' id='par_1_3' title="bbox 303 4479 1926 4832">
     <span class='ocr_line' id='line_1_46' title="bbox 304 4479 1926 4581; baseline -0.007 -37"><span class='ocrx_word' id='word_1_646' title='bbox 304 4505 352 4545; x_wconf 88' lang='lat' dir='ltr'><strong>oro</strong></span> <span class='ocrx_word' id='word_1_647' title='bbox 372 4488 507 4542; x_wconf 85' lang='lat' dir='ltr'><strong>ditissimi</strong></span> <span class='ocrx_word' id='word_1_648' title='bbox 533 4485 650 4556; x_wconf 90' lang='lat' dir='ltr'><strong>prodisti</strong></span> <span class='ocrx_word' id='word_1_649' title='bbox 664 4483 698 4551; x_wconf 71' lang='lat'><strong>⁸³,</strong></span> <span class='ocrx_word' id='word_1_650' title='bbox 727 4483 789 4538; x_wconf 85' lang='lat' dir='ltr'><strong>ueni</strong></span> <span class='ocrx_word' id='word_1_651' title='bbox 814 4485 849 4537; x_wconf 83' lang='lat' dir='ltr'><strong>ad</strong></span> <span class='ocrx_word' id='word_1_652' title='bbox 863 4485 1017 4539; x_wconf 87' lang='lat' dir='ltr'><strong>docendum</strong></span> <span class='ocrx_word' id='word_1_653' title='bbox 1040 4499 1090 4539; x_wconf 88' lang='lat' dir='ltr'><strong>nos</strong></span> <span class='ocrx_word' id='word_1_654' title='bbox 1106 4524 1129 4581; x_wconf 66' lang='grc' dir='ltr'><strong>υ</strong></span> <span class='ocrx_word' id='word_1_655' title='bbox 1144 4482 1331 4554; x_wconf 76' lang='lat' dir='ltr'><strong>poenitentiam</strong></span> <span class='ocrx_word' id='word_1_656' title='bbox 1347 4481 1373 4535; x_wconf 93' lang='lat' dir='ltr'><strong>in</strong></span> <span class='ocrx_word' id='word_1_657' title='bbox 1390 4480 1480 4536; x_wconf 88' lang='lat' dir='ltr'><strong>lavilla</strong></span> <span class='ocrx_word' id='word_1_658' title='bbox 1499 4492 1527 4538; x_wconf 90' lang='lat' dir='ltr'><strong>ct</strong></span> <span class='ocrx_word' id='word_1_659' title='bbox 1538 4480 1632 4537; x_wconf 81' lang='lat' dir='ltr'><strong>cisterc</strong></span> <span class='ocrx_word' id='word_1_660' title='bbox 1643 4479 1693 4534; x_wconf 65' lang='lat' dir='ltr'><strong>“a</strong></span> <span class='ocrx_word' id='word_1_661' title='bbox 1709 4480 1786 4539; x_wconf 79' lang='lat' dir='ltr'><strong>Ecce</strong></span> <span class='ocrx_word' id='word_1_662' title='bbox 1801 4483 1926 4554; x_wconf 84' lang='lat' dir='ltr'><strong>quoutoda</strong></span> 
     </span>
     <span class='ocr_line' id='line_1_47' title="bbox 304 4572 1926 4652; baseline -0.004 -16"><span class='ocrx_word' id='word_1_663' title='bbox 304 4585 375 4638; x_wconf 82' lang='lat' dir='ltr'><strong>riam</strong></span> <span class='ocrx_word' id='word_1_664' title='bbox 403 4579 554 4652; x_wconf 85' lang='lat' dir='ltr'><strong>prudentiae</strong></span> <span class='ocrx_word' id='word_1_665' title='bbox 570 4578 604 4632; x_wconf 77' lang='lat'><strong>¹⁰.</strong></span> <span class='ocrx_word' id='word_1_666' title='bbox 623 4596 633 4630; x_wconf 82' lang='lat' dir='ltr'><strong>r</strong></span> <span class='ocrx_word' id='word_1_667' title='bbox 660 4575 714 4633; x_wconf 89' lang='lat' dir='ltr'><strong>Pro</strong></span> <span class='ocrx_word' id='word_1_668' title='bbox 739 4576 912 4633; x_wconf 86' lang='lat' dir='ltr'><strong>coelcstibus:</strong></span> <span class='ocrx_word' id='word_1_669' title='bbox 926 4592 937 4629; x_wconf 88' lang='lat' dir='ltr'><strong>t</strong></span> <span class='ocrx_word' id='word_1_670' title='bbox 952 4575 1089 4646; x_wconf 85' lang='lat' dir='ltr'><strong>Ooriens,</strong></span> <span class='ocrx_word' id='word_1_671' title='bbox 1140 4575 1208 4646; x_wconf 79' lang='lat' dir='ltr'><strong>justi</strong></span> <span class='ocrx_word' id='word_1_672' title='bbox 1229 4572 1335 4641; x_wconf 84' lang='lat' dir='ltr'><strong>lulgcnt</strong></span> <span class='ocrx_word' id='word_1_673' title='bbox 1353 4575 1394 4628; x_wconf 90' lang='lat' dir='ltr'><strong>sui</strong></span> <span class='ocrx_word' id='word_1_674' title='bbox 1414 4582 1442 4628; x_wconf 86' lang='lat' dir='ltr'><strong>et</strong></span> <span class='ocrx_word' id='word_1_675' title='bbox 1454 4573 1503 4628; x_wconf 89' lang='lat' dir='ltr'><strong>bei</strong></span> <span class='ocrx_word' id='word_1_676' title='bbox 1522 4573 1691 4644; x_wconf 86' lang='lat' dir='ltr'><strong>cognitione,</strong></span> <span class='ocrx_word' id='word_1_677' title='bbox 1714 4583 1746 4629; x_wconf 88' lang='lat' dir='ltr'><strong>et</strong></span> <span class='ocrx_word' id='word_1_678' title='bbox 1761 4575 1926 4633; x_wconf 78' lang='lat' dir='ltr'><strong>coruscicutie</strong></span> 
     </span>
     <span class='ocr_line' id='line_1_48' title="bbox 303 4663 1924 4741; baseline -0.003 -12"><span class='ocrx_word' id='word_1_679' title='bbox 303 4676 365 4731; x_wconf 82' lang='lat' dir='ltr'><strong>seui</strong></span> <span class='ocrx_word' id='word_1_680' title='bbox 381 4684 409 4730; x_wconf 88' lang='lat' dir='ltr'><strong>et</strong></span> <span class='ocrx_word' id='word_1_681' title='bbox 424 4672 546 4728; x_wconf 86' lang='lat' dir='ltr'><strong>illumina</strong></span> <span class='ocrx_word' id='word_1_682' title='bbox 558 4669 695 4726; x_wconf 87' lang='lat' dir='ltr'><strong>bominem</strong></span> <span class='ocrx_word' id='word_1_683' title='bbox 710 4685 790 4741; x_wconf 90' lang='lat' dir='ltr'><strong>quem</strong></span> <span class='ocrx_word' id='word_1_684' title='bbox 807 4668 918 4726; x_wconf 91' lang='lat' dir='ltr'><strong>delimo</strong></span> <span class='ocrx_word' id='word_1_685' title='bbox 932 4669 1086 4726; x_wconf 85' lang='lat' dir='ltr'><strong>lornrasti.r</strong></span> <span class='ocrx_word' id='word_1_686' title='bbox 1144 4665 1335 4722; x_wconf 85' lang='lat' dir='ltr'><strong>delectatione.</strong></span> <span class='ocrx_word' id='word_1_687' title='bbox 1363 4665 1494 4736; x_wconf 79' lang='lat' dir='ltr'><strong>Sequitur</strong></span> <span class='ocrx_word' id='word_1_688' title='bbox 1508 4668 1644 4736; x_wconf 87' lang='lat' dir='ltr'><strong>quomodo</strong></span> <span class='ocrx_word' id='word_1_689' title='bbox 1658 4663 1768 4736; x_wconf 83' lang='lat' dir='ltr'><strong>lulgeni</strong></span> <span class='ocrx_word' id='word_1_690' title='bbox 1782 4670 1853 4726; x_wconf 77' lang='lat' dir='ltr'><strong>boos</strong></span> <span class='ocrx_word' id='word_1_691' title='bbox 1867 4681 1924 4724; x_wconf 85' lang='lat' dir='ltr'><strong>cou-</strong></span> 
     </span>
     <span class='ocr_line' id='line_1_49' title="bbox 305 4758 1306 4832; baseline -0.009 -11"><span class='ocrx_word' id='word_1_692' title='bbox 305 4768 471 4821; x_wconf 87' lang='lat' dir='ltr'><strong>biscurruut</strong></span> <span class='ocrx_word' id='word_1_693' title='bbox 503 4775 614 4832; x_wconf 87' lang='lat' dir='ltr'><strong>quoque</strong></span> <span class='ocrx_word' id='word_1_694' title='bbox 645 4768 774 4828; x_wconf 89' lang='lat' dir='ltr'><strong>tanquam</strong></span> <span class='ocrx_word' id='word_1_695' title='bbox 804 4759 904 4816; x_wconf 75' lang='lat' dir='ltr'><strong>latillre</strong></span> <span class='ocrx_word' id='word_1_696' title='bbox 935 4761 962 4816; x_wconf 92' lang='lat' dir='ltr'><strong>iu</strong></span> <span class='ocrx_word' id='word_1_697' title='bbox 987 4760 1089 4825; x_wconf 80' lang='lat' dir='ltr'><strong>drucio,</strong></span> <span class='ocrx_word' id='word_1_698' title='bbox 1142 4758 1306 4814; x_wconf 75' lang='lat' dir='ltr'><strong>versatione.</strong></span> 
     </span>
    </p>

    <p class='ocr_par' dir='ltr' id='par_1_4' title="bbox 303 4846 1923 5016">
     <span class='ocr_line' id='line_1_50' title="bbox 303 4846 1922 4928; baseline -0.004 -19"><span class='ocrx_word' id='word_1_699' title='bbox 303 4857 367 4928; x_wconf 90' lang='lat' dir='ltr'><strong>quia</strong></span> <span class='ocrx_word' id='word_1_700' title='bbox 385 4857 447 4910; x_wconf 87' lang='lat' dir='ltr'><strong>duur</strong></span> <span class='ocrx_word' id='word_1_701' title='bbox 462 4851 668 4922; x_wconf 87' lang='lat' dir='ltr'><strong>iorissplendot,</strong></span> <span class='ocrx_word' id='word_1_702' title='bbox 684 4851 762 4920; x_wconf 85' lang='lat' dir='ltr'><strong>quasi</strong></span> <span class='ocrx_word' id='word_1_703' title='bbox 777 4850 874 4920; x_wconf 86' lang='lat' dir='ltr'><strong>stipula</strong></span> <span class='ocrx_word' id='word_1_704' title='bbox 887 4851 1006 4906; x_wconf 87' lang='lat' dir='ltr'><strong>nitescit.</strong></span> <span class='ocrx_word' id='word_1_705' title='bbox 1021 4851 1090 4907; x_wconf 84' lang='lat' dir='ltr'><strong>Duru</strong></span> <span class='ocrx_word' id='word_1_706' title='bbox 1178 4846 1234 4903; x_wconf 86' lang='lat' dir='ltr'><strong>Nec</strong></span> <span class='ocrx_word' id='word_1_707' title='bbox 1248 4849 1345 4913; x_wconf 86' lang='lat' dir='ltr'><strong>solunt,</strong></span> <span class='ocrx_word' id='word_1_708' title='bbox 1361 4848 1407 4904; x_wconf 87' lang='lat' dir='ltr'><strong>sed</strong></span> <span class='ocrx_word' id='word_1_709' title='bbox 1432 4849 1533 4918; x_wconf 89' lang='lat' dir='ltr'><strong>lingua,</strong></span> <span class='ocrx_word' id='word_1_710' title='bbox 1557 4848 1604 4904; x_wconf 88' lang='lat' dir='ltr'><strong>sed</strong></span> <span class='ocrx_word' id='word_1_711' title='bbox 1620 4863 1717 4913; x_wconf 85' lang='lat' dir='ltr'><strong>mauu.</strong></span> <span class='ocrx_word' id='word_1_712' title='bbox 1734 4851 1787 4907; x_wconf 82' lang='lat' dir='ltr'><strong>scd</strong></span> <span class='ocrx_word' id='word_1_713' title='bbox 1810 4864 1922 4918; x_wconf 83' lang='lat' dir='ltr'><strong>corpore.</strong></span> 
     </span>
     <span class='ocr_line' id='line_1_51' title="bbox 304 4940 1923 5016; baseline 0.001 -18"><span class='ocrx_word' id='word_1_714' title='bbox 304 4960 369 5001; x_wconf 81' lang='lat' dir='ltr'><strong>roro</strong></span> <span class='ocrx_word' id='word_1_715' title='bbox 385 4943 571 5001; x_wconf 85' lang='lat' dir='ltr'><strong>tribulationis</strong></span> <span class='ocrx_word' id='word_1_716' title='bbox 594 4942 656 5011; x_wconf 90' lang='lat' dir='ltr'><strong>igne</strong></span> <span class='ocrx_word' id='word_1_717' title='bbox 672 4952 799 5006; x_wconf 81' lang='lat' dir='ltr'><strong>reantur,</strong></span> <span class='ocrx_word' id='word_1_718' title='bbox 813 4940 910 5010; x_wconf 89' lang='lat' dir='ltr'><strong>stipula</strong></span> <span class='ocrx_word' id='word_1_719' title='bbox 930 4943 957 4995; x_wconf 92' lang='lat' dir='ltr'><strong>iu</strong></span> <span class='ocrx_word' id='word_1_720' title='bbox 971 4941 1088 4997; x_wconf 80' lang='lat' dir='ltr'><strong>fauillam</strong></span> <span class='ocrx_word' id='word_1_721' title='bbox 1143 4940 1246 5010; x_wconf 83' lang='lat' dir='ltr'><strong>Lingua</strong></span> <span class='ocrx_word' id='word_1_722' title='bbox 1272 4941 1454 5009; x_wconf 74' lang='lat' dir='ltr'><strong>praedicando,</strong></span> <span class='ocrx_word' id='word_1_723' title='bbox 1476 4957 1557 4998; x_wconf 91' lang='lat' dir='ltr'><strong>manu</strong></span> <span class='ocrx_word' id='word_1_724' title='bbox 1583 4943 1735 5012; x_wconf 83' lang='lat' dir='ltr'><strong>operando,</strong></span> <span class='ocrx_word' id='word_1_725' title='bbox 1750 4957 1868 5016; x_wconf 84' lang='lat' dir='ltr'><strong>corpore</strong></span> <span class='ocrx_word' id='word_1_726' title='bbox 1883 4956 1923 5012; x_wconf 78' lang='lat' dir='ltr'><strong>pt·</strong></span> 
     </span>
    </p>
   </div>
   <div class='ocr_carea' id='block_1_4' title="bbox 303 5028 1925 5382">
    <p class='ocr_par' dir='ltr' id='par_1_5' title="bbox 303 5028 1925 5382">
     <span class='ocr_line' id='line_1_52' title="bbox 306 5028 1923 5106; baseline -0.006 -14"><span class='ocrx_word' id='word_1_727' title='bbox 306 5038 425 5093; x_wconf 72' lang='lat' dir='ltr'><strong>tristitiae</strong></span> <span class='ocrx_word' id='word_1_728' title='bbox 443 5036 594 5092; x_wconf 84' lang='lat' dir='ltr'><strong>euanescit.</strong></span> <span class='ocrx_word' id='word_1_729' title='bbox 626 5033 729 5088; x_wconf 82' lang='lat' dir='ltr'><strong>l&#39;atilla</strong></span> <span class='ocrx_word' id='word_1_730' title='bbox 749 5047 815 5089; x_wconf 88' lang='lat' dir='ltr'><strong>uero</strong></span> <span class='ocrx_word' id='word_1_731' title='bbox 828 5032 948 5088; x_wconf 71' lang='lat' dir='ltr'><strong>tristitiae</strong></span> <span class='ocrx_word' id='word_1_732' title='bbox 973 5033 1089 5089; x_wconf 90' lang='lat' dir='ltr'><strong>transle·</strong></span> <span class='ocrx_word' id='word_1_733' title='bbox 1141 5035 1242 5089; x_wconf 87' lang='lat' dir='ltr'><strong>tiendo.</strong></span> <span class='ocrx_word' id='word_1_734' title='bbox 1255 5032 1358 5088; x_wconf 78' lang='lat' dir='ltr'><strong>Lucem</strong></span> <span class='ocrx_word' id='word_1_735' title='bbox 1371 5048 1436 5104; x_wconf 90' lang='lat' dir='ltr'><strong>ergo</strong></span> <span class='ocrx_word' id='word_1_736' title='bbox 1449 5035 1543 5099; x_wconf 79' lang='lat' dir='ltr'><strong>uerbo,</strong></span> <span class='ocrx_word' id='word_1_737' title='bbox 1556 5033 1692 5104; x_wconf 83' lang='lat' dir='ltr'><strong>ereutplo,</strong></span> <span class='ocrx_word' id='word_1_738' title='bbox 1708 5033 1856 5106; x_wconf 68' lang='lat' dir='ltr'><strong>martyrio.</strong></span> <span class='ocrx_word' id='word_1_739' title='bbox 1868 5028 1923 5085; x_wconf 81' lang='lat' dir='ltr'><strong>lade</strong></span> 
     </span>
     <span class='ocr_line' id='line_1_53' title="bbox 304 5124 1924 5199; baseline -0.006 -13"><span class='ocrx_word' id='word_1_740' title='bbox 304 5146 369 5186; x_wconf 87' lang='lat' dir='ltr'><strong>rens</strong></span> <span class='ocrx_word' id='word_1_741' title='bbox 382 5145 411 5185; x_wconf 90' lang='lat' dir='ltr'><strong>se</strong></span> <span class='ocrx_word' id='word_1_742' title='bbox 425 5132 457 5185; x_wconf 91' lang='lat' dir='ltr'><strong>ad</strong></span> <span class='ocrx_word' id='word_1_743' title='bbox 473 5130 637 5184; x_wconf 86' lang='lat' dir='ltr'><strong>desiderium</strong></span> <span class='ocrx_word' id='word_1_744' title='bbox 654 5126 846 5198; x_wconf 87' lang='lat' dir='ltr'><strong>temporalium</strong></span> <span class='ocrx_word' id='word_1_745' title='bbox 862 5127 995 5198; x_wconf 90' lang='lat' dir='ltr'><strong>boqorum</strong></span> <span class='ocrx_word' id='word_1_746' title='bbox 1007 5129 1089 5199; x_wconf 89' lang='lat' dir='ltr'><strong>quasi</strong></span> <span class='ocrx_word' id='word_1_747' title='bbox 1140 5126 1240 5183; x_wconf 90' lang='lat' dir='ltr'><strong>dicitur</strong></span> <span class='ocrx_word' id='word_1_748' title='bbox 1264 5128 1327 5198; x_wconf 84' lang='lat' dir='ltr'><strong>quia</strong></span> <span class='ocrx_word' id='word_1_749' title='bbox 1343 5135 1400 5182; x_wconf 89' lang='lat' dir='ltr'><strong>erat</strong></span> <span class='ocrx_word' id='word_1_750' title='bbox 1420 5126 1537 5183; x_wconf 82' lang='lat' dir='ltr'><strong>loannes</strong></span> <span class='ocrx_word' id='word_1_751' title='bbox 1557 5143 1568 5180; x_wconf 93' lang='lat' dir='ltr'><strong>t</strong></span> <span class='ocrx_word' id='word_1_752' title='bbox 1582 5124 1694 5181; x_wconf 87' lang='lat' dir='ltr'><strong>lucerua</strong></span> <span class='ocrx_word' id='word_1_753' title='bbox 1717 5127 1825 5184; x_wconf 80' lang='lat' dir='ltr'><strong>ardens</strong></span> <span class='ocrx_word' id='word_1_754' title='bbox 1850 5138 1876 5182; x_wconf 92' lang='lat' dir='ltr'><strong>et</strong></span> <span class='ocrx_word' id='word_1_755' title='bbox 1890 5124 1924 5178; x_wconf 91' lang='lat' dir='ltr'><strong>lu·</strong></span> 
     </span>
     <span class='ocr_line' id='line_1_54' title="bbox 303 5217 1924 5291; baseline -0.002 -14"><span class='ocrx_word' id='word_1_756' title='bbox 303 5220 475 5291; x_wconf 84' lang='lat' dir='ltr'><strong>rterquilinio</strong></span> <span class='ocrx_word' id='word_1_757' title='bbox 483 5220 623 5288; x_wconf 85' lang='lat' dir='ltr'><strong>putrescit.</strong></span> <span class='ocrx_word' id='word_1_758' title='bbox 638 5218 709 5272; x_wconf 82' lang='lat' dir='ltr'><strong>dudi</strong></span> <span class='ocrx_word' id='word_1_759' title='bbox 723 5218 869 5288; x_wconf 78' lang='lat' dir='ltr'><strong>stipulam:</strong></span> <span class='ocrx_word' id='word_1_760' title='bbox 888 5218 982 5275; x_wconf 77' lang='lat' dir='ltr'><strong>«deus</strong></span> <span class='ocrx_word' id='word_1_761' title='bbox 998 5234 1087 5286; x_wconf 81' lang='lat' dir='ltr'><strong>meus,</strong></span> <span class='ocrx_word' id='word_1_762' title='bbox 1140 5219 1245 5276; x_wconf 82' lang='lat' dir='ltr'><strong>ccus¹¹.</strong></span> <span class='ocrx_word' id='word_1_763' title='bbox 1259 5238 1270 5273; x_wconf 75' lang='lat' dir='ltr'><strong>r</strong></span> <span class='ocrx_word' id='word_1_764' title='bbox 1285 5219 1391 5272; x_wconf 79' lang='lat' dir='ltr'><strong>drdeus</strong></span> <span class='ocrx_word' id='word_1_765' title='bbox 1406 5217 1489 5273; x_wconf 88' lang='lat' dir='ltr'><strong>libera</strong></span> <span class='ocrx_word' id='word_1_766' title='bbox 1503 5217 1705 5289; x_wconf 73' lang='lat' dir='ltr'><strong>increpatione,</strong></span> <span class='ocrx_word' id='word_1_767' title='bbox 1721 5217 1823 5276; x_wconf 84' lang='lat' dir='ltr'><strong>lucens</strong></span> <span class='ocrx_word' id='word_1_768' title='bbox 1836 5219 1924 5287; x_wconf 80' lang='lat' dir='ltr'><strong>ubiqu</strong></span> 
     </span>
     <span class='ocr_line' id='line_1_55' title="bbox 304 5307 1925 5382; baseline -0.001 -17"><span class='ocrx_word' id='word_1_769' title='bbox 304 5325 374 5382; x_wconf 87' lang='lat' dir='ltr'><strong>porro</strong></span> <span class='ocrx_word' id='word_1_770' title='bbox 390 5309 450 5364; x_wconf 84' lang='lat' dir='ltr'><strong>iilos</strong></span> <span class='ocrx_word' id='word_1_771' title='bbox 464 5319 494 5362; x_wconf 90' lang='lat' dir='ltr'><strong>ut</strong></span> <span class='ocrx_word' id='word_1_772' title='bbox 509 5318 608 5373; x_wconf 83' lang='lat' dir='ltr'><strong>rotatu,</strong></span> <span class='ocrx_word' id='word_1_773' title='bbox 632 5320 659 5362; x_wconf 84' lang='lat' dir='ltr'><strong>et</strong></span> <span class='ocrx_word' id='word_1_774' title='bbox 674 5309 743 5363; x_wconf 91' lang='lat' dir='ltr'><strong>sicut</strong></span> <span class='ocrx_word' id='word_1_775' title='bbox 759 5309 886 5378; x_wconf 85' lang='lat' dir='ltr'><strong>stipulatu</strong></span> <span class='ocrx_word' id='word_1_776' title='bbox 911 5321 975 5364; x_wconf 89' lang='lat' dir='ltr'><strong>ante</strong></span> <span class='ocrx_word' id='word_1_777' title='bbox 991 5311 1088 5366; x_wconf 76' lang='lat' dir='ltr'><strong>lau-iem</strong></span> <span class='ocrx_word' id='word_1_778' title='bbox 1140 5311 1251 5368; x_wconf 83' lang='lat' dir='ltr'><strong>uorburu</strong></span> <span class='ocrx_word' id='word_1_779' title='bbox 1264 5309 1310 5364; x_wconf 80' lang='lat' dir='ltr'><strong>liei</strong></span> <span class='ocrx_word' id='word_1_780' title='bbox 1327 5308 1453 5364; x_wconf 76' lang='lat' dir='ltr'><strong>artantibus</strong></span> <span class='ocrx_word' id='word_1_781' title='bbox 1463 5307 1495 5374; x_wconf 76' lang='lat'><strong>⁸⁴,</strong></span> <span class='ocrx_word' id='word_1_782' title='bbox 1507 5310 1607 5371; x_wconf 87' lang='lat' dir='ltr'><strong>luccas,</strong></span> <span class='ocrx_word' id='word_1_783' title='bbox 1620 5310 1685 5364; x_wconf 88' lang='lat' dir='ltr'><strong>duuu</strong></span> <span class='ocrx_word' id='word_1_784' title='bbox 1698 5323 1773 5365; x_wconf 79' lang='lat' dir='ltr'><strong>zoua</strong></span> <span class='ocrx_word' id='word_1_785' title='bbox 1784 5309 1891 5381; x_wconf 67' lang='lat' dir='ltr'><strong>pellicea</strong></span> <span class='ocrx_word' id='word_1_786' title='bbox 1901 5316 1925 5362; x_wconf 84' lang='lat' dir='ltr'><strong>ei</strong></span> 
     </span>
    </p>
   </div>
   <div class='ocr_carea' id='block_1_5' title="bbox 302 5529 1922 5803">
    <p class='ocr_par' dir='ltr' id='par_1_6' title="bbox 302 5529 1922 5803">
     <span class='ocr_line' id='line_1_56' title="bbox 342 5529 1922 5592; baseline -0.005 -1"><span class='ocrx_word' id='word_1_787' title='bbox 342 5532 493 5590; x_wconf 72' lang='lat' dir='ltr'><strong>ttiqtrii.</strong></span> <span class='ocrx_word' id='word_1_788' title='bbox 533 5531 554 5563; x_wconf 84' lang='lat'><strong>”</strong></span> <span class='ocrx_word' id='word_1_789' title='bbox 579 5529 717 5584; x_wconf 52' lang='lat' dir='ltr'><strong>Mallio&amp;</strong></span> <span class='ocrx_word' id='word_1_790' title='bbox 755 5529 873 5585; x_wconf 71' lang='lat' dir='ltr'><strong>&#39;&#39;lobtu</strong></span> <span class='ocrx_word' id='word_1_791' title='bbox 901 5532 925 5587; x_wconf 90' lang='lat' dir='ltr'><strong>l.</strong></span> <span class='ocrx_word' id='word_1_792' title='bbox 964 5530 1117 5588; x_wconf 66' lang='lat' dir='ltr'><strong>‘’tabatu</strong></span> <span class='ocrx_word' id='word_1_793' title='bbox 1155 5532 1177 5566; x_wconf 68' lang='lat'><strong>⁶⁰</strong></span> <span class='ocrx_word' id='word_1_794' title='bbox 1201 5532 1252 5588; x_wconf 85' lang='lat' dir='ltr'><strong>tob</strong></span> <span class='ocrx_word' id='word_1_795' title='bbox 1273 5530 1319 5588; x_wconf 74' lang='lat' dir='ltr'><strong>bl.</strong></span> <span class='ocrx_word' id='word_1_796' title='bbox 1357 5532 1377 5564; x_wconf 74' lang='lat'><strong>⁸¹</strong></span> <span class='ocrx_word' id='word_1_797' title='bbox 1404 5531 1482 5586; x_wconf 84' lang='lat' dir='ltr'><strong>Prot.</strong></span> <span class='ocrx_word' id='word_1_798' title='bbox 1499 5531 1544 5586; x_wconf 73' lang='lat' dir='ltr'><strong>bt.</strong></span> <span class='ocrx_word' id='word_1_799' title='bbox 1582 5530 1606 5563; x_wconf 74' lang='lat'><strong>⁸&#39;</strong></span> <span class='ocrx_word' id='word_1_800' title='bbox 1632 5530 1702 5586; x_wconf 88' lang='lat' dir='ltr'><strong>tbid.</strong></span> <span class='ocrx_word' id='word_1_801' title='bbox 1740 5531 1768 5567; x_wconf 73' lang='lat'><strong>⁸⁸</strong></span> <span class='ocrx_word' id='word_1_802' title='bbox 1790 5533 1922 5592; x_wconf 53' lang='lat' dir='ltr'><strong>Enete&amp;</strong></span> 
     </span>
     <span class='ocr_line' id='line_1_57' title="bbox 305 5599 1914 5668; baseline -0.007 -2"><span class='ocrx_word' id='word_1_803' title='bbox 305 5606 391 5660; x_wconf 71' lang='lat' dir='ltr'><strong>“iob</strong></span> <span class='ocrx_word' id='word_1_804' title='bbox 412 5604 457 5657; x_wconf 62' lang='lat'><strong>²9·</strong></span> <span class='ocrx_word' id='word_1_805' title='bbox 494 5600 627 5655; x_wconf 63' lang='lat' dir='ltr'><strong>“Tills&#39;lb</strong></span> <span class='ocrx_word' id='word_1_806' title='bbox 652 5600 678 5656; x_wconf 71' lang='lat' dir='ltr'><strong>l·</strong></span> <span class='ocrx_word' id='word_1_807' title='bbox 703 5601 739 5649; x_wconf 76' lang='lat'><strong>·⁸⁸</strong></span> <span class='ocrx_word' id='word_1_808' title='bbox 761 5600 892 5668; x_wconf 57' lang='lat' dir='ltr'><strong>Abbiuti&#39;t·</strong></span> <span class='ocrx_word' id='word_1_809' title='bbox 930 5603 1076 5659; x_wconf 55' lang='lat' dir='ltr'><strong>”lomim</strong></span> <span class='ocrx_word' id='word_1_810' title='bbox 1115 5602 1283 5659; x_wconf 73' lang='lat' dir='ltr'><strong>&#39;‘Psobiil.</strong></span> <span class='ocrx_word' id='word_1_811' title='bbox 1319 5603 1439 5657; x_wconf 61' lang='lat' dir='ltr'><strong>‘’Eccli.</strong></span> <span class='ocrx_word' id='word_1_812' title='bbox 1461 5600 1506 5656; x_wconf 74' lang='lat' dir='ltr'><strong>it.</strong></span> <span class='ocrx_word' id='word_1_813' title='bbox 1544 5601 1568 5634; x_wconf 71' lang='lat'><strong>⁸⁶</strong></span> <span class='ocrx_word' id='word_1_814' title='bbox 1590 5599 1720 5657; x_wconf 74' lang='lat' dir='ltr'><strong>lenito.</strong></span> <span class='ocrx_word' id='word_1_815' title='bbox 1759 5604 1914 5661; x_wconf 61' lang='lat' dir='ltr'><strong>”lissum</strong></span> 
     </span>
     <span class='ocr_line' id='line_1_58' title="bbox 302 5669 1921 5732; baseline -0.005 -2"><span class='ocrx_word' id='word_1_816' title='bbox 302 5673 326 5706; x_wconf 86' lang='lat'><strong>¹¹</strong></span> <span class='ocrx_word' id='word_1_817' title='bbox 346 5677 395 5729; x_wconf 83' lang='lat' dir='ltr'><strong>lob</strong></span> <span class='ocrx_word' id='word_1_818' title='bbox 416 5673 462 5728; x_wconf 72' lang='lat' dir='ltr'><strong>ta.</strong></span> <span class='ocrx_word' id='word_1_819' title='bbox 513 5669 659 5725; x_wconf 71' lang='lat' dir='ltr'><strong>”ionio</strong></span> <span class='ocrx_word' id='word_1_820' title='bbox 698 5669 879 5727; x_wconf 54' lang='lat' dir='ltr'><strong>”tici-itui.</strong></span> <span class='ocrx_word' id='word_1_821' title='bbox 916 5671 1067 5729; x_wconf 65' lang='lat' dir='ltr'><strong>”utrius</strong></span> <span class='ocrx_word' id='word_1_822' title='bbox 1107 5672 1270 5731; x_wconf 65' lang='lat' dir='ltr'><strong>”lsaiili</strong></span> <span class='ocrx_word' id='word_1_823' title='bbox 1308 5671 1490 5728; x_wconf 53' lang='lat' dir='ltr'><strong>”ilioni</strong></span> <span class='ocrx_word' id='word_1_824' title='bbox 1527 5670 1717 5727; x_wconf 70' lang='lat' dir='ltr'><strong>”ilattlulb⁸</strong></span> <span class='ocrx_word' id='word_1_825' title='bbox 1758 5673 1921 5732; x_wconf 67' lang='lat' dir='ltr'><strong>&#39;’umuti-</strong></span> 
     </span>
     <span class='ocr_line' id='line_1_59' title="bbox 304 5739 1752 5803; baseline -0.001 -5"><span class='ocrx_word' id='word_1_826' title='bbox 304 5746 327 5779; x_wconf 84' lang='lat'><strong>¹⁸</strong></span> <span class='ocrx_word' id='word_1_827' title='bbox 347 5745 412 5803; x_wconf 77' lang='lat' dir='ltr'><strong>burc.</strong></span> <span class='ocrx_word' id='word_1_828' title='bbox 436 5744 479 5801; x_wconf 73' lang='lat' dir='ltr'><strong>ab.</strong></span> <span class='ocrx_word' id='word_1_829' title='bbox 518 5742 539 5774; x_wconf 83' lang='lat'><strong>¹¹</strong></span> <span class='ocrx_word' id='word_1_830' title='bbox 561 5742 680 5798; x_wconf 60' lang='lat' dir='ltr'><strong>Catthi.</strong></span> <span class='ocrx_word' id='word_1_831' title='bbox 717 5742 742 5774; x_wconf 78' lang='lat'><strong>⁴¹</strong></span> <span class='ocrx_word' id='word_1_832' title='bbox 761 5739 901 5796; x_wconf 74' lang='lat' dir='ltr'><strong>irrorati.</strong></span> <span class='ocrx_word' id='word_1_833' title='bbox 941 5743 1135 5798; x_wconf 67' lang='lat' dir='ltr'><strong>”bistili-95.</strong></span> <span class='ocrx_word' id='word_1_834' title='bbox 1176 5744 1327 5801; x_wconf 61' lang='lat' dir='ltr'><strong>“iobii.</strong></span> <span class='ocrx_word' id='word_1_835' title='bbox 1365 5741 1530 5798; x_wconf 74' lang='lat' dir='ltr'><strong>‘&#39;loan.5.</strong></span> <span class='ocrx_word' id='word_1_836' title='bbox 1567 5740 1702 5798; x_wconf 74' lang='lat' dir='ltr'><strong>‘&#39;drittu.</strong></span> <span class='ocrx_word' id='word_1_837' title='bbox 1722 5740 1752 5797; x_wconf 74' lang='grc'><strong>3.</strong></span> 
     </span>
    </p>
   </div>
   <div class='ocr_carea' id='block_1_6' title="bbox 0 0 1976 6327">
    <p class='ocr_par' dir='ltr' id='par_1_7' title="bbox 0 0 1976 6327">
     <span class='ocr_line' id='line_1_60' title="bbox 0 0 1976 6327; baseline 0 0"><span class='ocrx_word' id='word_1_838' title='bbox 0 0 1976 6327; x_wconf 95' lang='lat' dir='ltr'><strong> </strong></span> 
     </span>
    </p>
   </div>
  </div>
 </body>
</html>
