3960 6314
173 345 245 404 gqu
811 341 1010 400 emissum
1028 343 1062 399 ill
1080 343 1181 402 PAPAE
1737 359 1802 418 8188

170 469 286 523 tratrem
308 464 431 536 ciusdem
449 462 571 521 ecclesie
593 461 702 517 licentia
721 470 812 530 puteat
832 470 895 532 pest
917 461 998 525 ins
1047 464 1103 535 ige
1117 464 1292 534 Octaviam,
1306 465 1441 526 Ostiensis
1454 480 1482 528 et
1497 470 1676 530 velietrensis
1693 479 1800 541 misen·

170 568 243 615 ctam
261 559 333 629 apud
358 572 407 614 ses
427 557 624 628 preiessieuent
644 554 677 610 de
689 552 809 609 ciarrstre
825 552 866 606 uei
879 553 960 610 deme
1012 570 1075 626 pes.

170 663 263 712 restra
288 654 381 723 eliqua
399 650 543 708 occasione
564 647 707 703 discedere
726 647 789 704 siue
800 645 901 718 prieris
914 659 961 700 ee·
1046 646 1102 718 Ege
1116 645 1223 714 Petrus,
1235 647 1394 708 conones
1406 663 1435 709 et
1448 652 1555 713 Sancta
1569 655 1678 712 ilelims
1691 660 1800 730 episeo-

170 751 263 808 clesinr
279 756 380 804 restrae
393 752 439 798 aut
453 741 556 810 absque
570 739 724 794 communis
742 738 960 809 congregationis
1010 752 1071 808 pus.

170 843 294 902 urentia.
309 838 386 907 Qrued
399 835 421 890 ai
436 835 546 904 gruison
563 831 673 888 clericis
689 831 731 888 sei
743 831 817 887 iaicis
830 829 960 902 preicssis
1044 829 1102 899 Ege
1117 828 1220 899 iieiier,
1236 829 1539 891 sedamnationis
1554 839 1646 908 presb.
1658 841 1736 900 card.
1754 843 1797 898 tit.

172 940 205 997 de
219 934 351 995 claustro,
363 928 451 985 uelde
464 926 545 983 deme
560 935 654 982 restro
664 924 833 988 discesserit,
844 930 873 977 et
886 935 960 977 cem·
1010 918 1190 978 anrrracbii.
1205 928 1207 933 ’

173 1029 292 1084 rnoruitns
306 1024 397 1081 redire
411 1019 620 1091 contempserit.
638 1018 722 1088 priori
736 1015 856 1084 ejusdem
872 1014 960 1072 eccie-
1045 1012 1102 1083 Ege
1124 1011 1271 1082 londanus,
1294 1014 1325 1071 8.
1349 1015 1526 1076 Mantiane
1550 1021 1642 1089 presb.
1658 1025 1737 1083 card.
1754 1024 1798 1080 tit.

171 1122 231 1185 sim,
245 1119 291 1190 qui
311 1131 362 1187 pre
374 1126 497 1184 tempere
515 1111 608 1177 interit,
622 1125 655 1165 es
675 1109 824 1177 apostolica
839 1110 960 1165 eucteri·
1009 1103 1140 1164 Posteris.

172 1220 227 1266 tate
240 1210 278 1266 sit
298 1207 415 1264 iacrritas
428 1203 561 1276 ejusmodi
576 1201 662 1256 esuis
681 1201 780 1257 edistis
792 1200 959 1270 suspendere
1045 1198 1102 1266 ego
1118 1197 1247 1268 banne«,
1263 1201 1306 1257 tit.
1318 1201 1350 1258 8.
1361 1199 1511 1260 Clementis
1523 1209 1601 1265 eard.
1615 1209 1797 1272 viterbiensis

169 1312 197 1359 st
213 1302 464 1366 cacerumunicare;
480 1312 642 1368 suspensum
666 1310 732 1350 sere
747 1293 789 1348 uel
802 1306 958 1348 escenmru·
1009 1301 1039 1347 et
1053 1290 1171 1348 Tuscae.
1185 1293 1341 1365 episeopus.

171 1397 296 1452 tricantes
318 1393 409 1449 nulius
426 1393 615 1462 episcoporum
637 1389 802 1444 abbatumve
818 1384 959 1454 suscipere
1044 1382 1101 1453 Ege
1118 1382 1217 1452 Guide,
1233 1385 1325 1453 presb.
1340 1387 1415 1444 carui.
1430 1386 1461 1446 S.
1477 1386 1571 1446 liarite
1583 1390 1796 1462 Transtiberinn,

170 1488 213 1543 sel
226 1488 344 1542 retinere
354 1494 508 1555 praesunnat.
520 1483 585 1552 oure
596 1482 687 1538 enunia
703 1479 851 1550 apostolica
865 1485 960 1534 aucte·
1010 1474 1052 1530 tit.
1069 1474 1180 1531 tiriiati.

170 1573 253 1628 ritate
266 1572 454 1634 concedimus,
465 1572 584 1641 guandiu
601 1570 672 1640 apud
688 1583 737 1623 res
751 1567 874 1623 canonici
886 1565 960 1620 erdi·
1044 1566 1100 1636 Ege
1122 1566 1209 1637 linge,
1233 1565 1461 1635 preaesens.
1476 1568 1606 1640 liarrinl,
1620 1575 1668 1630 tit.
1685 1576 1795 1648 Eqrnini.

170 1668 214 1724 nis
228 1677 317 1732 tener,
330 1665 386 1722 iiee
399 1674 558 1737 prestante,
574 1664 705 1736 vignerit.
729 1662 864 1718 Praeterea
879 1659 959 1714 cleri·
1045 1659 1101 1728 Ege
1118 1657 1257 1725 insanires,
1271 1663 1313 1714 tit
1337 1658 1367 1716 8.
1384 1657 1515 1730 Stephani
1540 1663 1567 1719 in
1591 1667 1799 1741 delio-lienes,

170 1773 265 1814 cernunt
277 1766 417 1812 tonsuram
432 1756 460 1810 in
481 1764 571 1810 vestre
583 1757 642 1808 tere
656 1751 817 1821 regulariter
830 1763 880 1818 per
895 1761 958 1817 pre·
1010 1746 1102 1816 presb.
1118 1747 1196 1801 card.

171 1851 315 1906 sessionem
331 1849 478 1905 nolentium
493 1848 585 1902 uiuere
600 1856 691 1901 nestro
706 1844 872 1900 anctoritate
882 1806 995 1897 ιἰιΙιίιΒ
1043 1837 1099 1909 Ege
1122 1837 1263 1906 Cimbios,
1279 1839 1321 1894 tit.
1341 1838 1370 1895 8.
1387 1839 1527 1901 husentii
1541 1845 1569 1902 in
1582 1846 1691 1906 bucinna
1706 1855 1796 1922 presb.

170 1944 262 2000 iecere
279 1943 371 1999 liceat.
395 1942 480 1998 Perre
501 1938 664 1997 clericerum
679 1948 831 1998 restrernnr
847 1937 959 1992 ordine·
1010 1930 1087 1985 card.

170 2037 273 2091 sienem
292 2049 307 2088 a
324 2048 487 2104 quecunque
506 2031 658 2086 malueritis
680 2030 816 2085 catholice
830 2028 960 2098 episcope
1046 2023 1102 2093 lige
1124 2021 1272 2089 Seilredns,
1289 2026 1383 2094 presb.
1399 2030 1477 2088 eard.
1492 2032 1536 2090 tit.
1551 2034 1581 2087 8.
1598 2031 1747 2091 Prssedis.

170 2125 337 2197 suscipiendi
352 2125 489 2182 licentiam
503 2122 640 2186 lrabeatis,
656 2121 678 2176 si
694 2122 801 2190 quande
817 2120 960 2175 berennus
1045 2114 1102 2185 Ege
1113 2113 1268 2182 Gratianus,
1280 2114 1333 2172 88.
1344 2116 1450 2174 Cesmae
1463 2130 1490 2176 ct
1502 2121 1626 2178 liaeuiani
1640 2124 1796 2181 diaecard.

171 2220 293 2277 Ecclesia
308 2220 536 2276 ierteantistltem
553 2233 606 2273 nen
622 2216 755 2281 imbuerit,
772 2216 814 2270 sel
828 2215 850 2270 si
866 2216 900 2280 is,
911 2215 957 2284 qui
1045 2205 1101 2271 *23⁰
1113 2203 1259 2270 &millib
1274 2206 1305 2262 S·
1323 2207 1436 2264 Adriani
1451 2212 1585 2268 diaeonus
1599 2216 1681 2271 sard.

170 2310 351 2375 incaluerit,
371 2307 667 2365 constiteritnenesse
687 2306 956 2370 catirelicuru,autsi
1043 2297 1100 2367 Ege
1122 2295 1281 2369 Gregorius,
1307 2297 1337 2354 8.
1353 2301 1446 2357 staria
1468 2303 1496 2358 in
1528 2302 1640 2360 l‘erticu
1666 2305 1797 2362 diaconus

169 2416 202 2459 ea
218 2402 306 2474 gratis
319 2399 398 2456 robis
413 2399 562 2455 concedere
580 2397 709 2453 noluerit.
731 2395 804 2451 Sane
820 2396 957 2451 irnctunm
1007 2395 1083 2448 eard.

169 2503 322 2550 nostrerum
337 2489 456 2546 decimes
475 2488 589 2543 ubilibet
603 2489 703 2544 restris
720 2488 867 2555 laboribus,
884 2503 958 2544 sum·
1042 2485 1100 2555 lige
1115 2485 1276 2550 belisarius.
1291 2484 1597 2558 essentessent
1611 2487 1688 2545 diac.
1704 2491 1779 2545 eard.

169 2585 316 2656 ptibusque
338 2580 464 2652 colligitis
480 2580 571 2635 nuilus
587 2581 777 2651 episcoporum
792 2582 835 2636 rel
851 2583 957 2651 episce-
1043 2579 1100 2651 lige
1111 2577 1248 2646 discisus,
1262 2577 1292 2634 S.
1307 2577 1402 2634 liarias
1415 2577 1444 2633 in
1461 2576 1607 2634 ssnrrredin
1629 2580 1712 2637 diae.
1721 2583 1797 2637 cant.

169 2675 270 2748 palittm
287 2673 474 2730 ministrorum
487 2687 502 2726 a
516 2669 598 2726 vebis*
612 2673 724 2742 exigere
739 2674 848 2727 studeat.
863 2673 959 2743 Sepui-
1044 2665 1140 2726 ilatum
1152 2667 1291 2734 Laterani,
1309 2682 1359 2738 per
1374 2682 1484 2722 manunt
1497 2667 1590 2724 counit
1614 2667 1647 2725 8.
1664 2669 1759 2727 Lucis
1772 2673 1796 2724 in

170 2775 260 2823 turam
273 2767 380 2836 quoque
392 2778 532 2819 sacrorum
544 2764 666 2818 lecernm
678 2773 830 2818 uestrorum
844 2764 956 2820 liberam
1008 2761 1107 2820 Ortbeu
1130 2761 1236 2818 diaconi
1254 2760 1412 2828 cardinatis,
1425 2762 1519 2817 denum
1545 2776 1622 2831 pspue
1638 2766 1795 2820 camerarii.

170 2856 281 2911 smnine
301 2869 363 2910 esse
384 2854 569 2919 decernimus,
585 2853 656 2909 sicut
680 2868 773 2909 eorum
797 2856 843 2925 qni
858 2870 889 2911 se
903 2856 957 2911 illic
1007 2853 1105 2911 nidus
1130 2850 1204 2918 llaii,
1226 2851 1379 2908 indictione
1401 2865 1460 2916 aar,
1481 2849 1622 2906 lurcarnat.
1647 2851 1797 2909 Domiuiee

170 2947 278 3019 sepeliri
291 2946 512 3012 deliberaverint,
525 2946 662 3002 devotioni
675 2957 703 3003 et
717 2958 848 3003 extremae
862 2948 958 3003 reburr-
1007 2943 1171 3010 emolliti,
1187 2943 1362 3015 pontificatus
1375 2955 1442 2998 rere
1457 2941 1550 2998 denam
1564 2941 1712 2999 celestini
1721 2958 1796 3015 pape

171 3040 232 3103 nst,
257 3038 309 3095 nisi
329 3036 398 3093 inrue
417 3038 474 3092 sint
495 3038 723 3093 excommunicati
741 3037 783 3093 nel
806 3038 956 3106 interdicti,
1007 3039 1042 3095 iil
1055 3055 1127 3096 anne
1140 3052 1179 3092 rr.

171 3129 262 3186 nuilus
284 3129 409 3185 obsistat.
427 3127 468 3183 sd
493 3130 551 3184 bec
576 3129 737 3199 adjicientes
750 3129 896 3185 sensuimus
909 3145 958 3184 au·
1336 3149 1463 3208 cmg·

170 3224 299 3279 ctoritate
324 3221 466 3291 presentis
491 3222 636 3292 privilegii,
655 3229 684 3276 ni
708 3223 822 3292 praeiuta
842 3221 957 3277 ecclesia
971 3200 994 3260 c
1009 3249 1136 3306 mem
1154 3244 1312 3304 „mim
1333 3245 1510 3316 mmmm
1530 3263 1563 3300 a
1580 3247 1724 3318 mm·
1736 3262 1795 3303 m,

169 3323 260 3370 vestra
273 3328 335 3369 curu
348 3313 475 3369 erunibus
488 3314 600 3368 ubilibet
612 3314 647 3367 nd
663 3328 693 3369 se
705 3313 907 3384 pcrtinentibus
922 3314 957 3370 ab
1350 3316 1449 3383 lirina:

170 3404 245 3460 enimi
260 3405 295 3460 sit
306 3406 519 3460 extraordinaria
535 3404 674 3461 iunctione
688 3408 827 3467 immunis.
842 3414 872 3461 ut
884 3407 957 3461 side-
1253 3406 1405 3476 (Laterani,
1417 3403 1479 3460 iiaii
1495 3404 1550 3474 ii.)

171 3495 233 3551 licet
247 3495 270 3551 si
285 3496 429 3566 aliquande
454 3497 688 3566 archiepiscopum
714 3497 899 3564 llateunutis‚
914 3496 958 3551 uei
1080 3497 1471 3575 [Cartnlnirsdeiietreliesre
1481 3500 1514 3553 de
1526 3498 1650 3568 Paris‚1‚
1665 3500 1727 3575 88.]

170 3587 320 3657 quemlibet
341 3587 423 3643 alium
442 3589 599 3658 episcopum
619 3589 646 3643 ie
661 3590 738 3658 crrjrrs
760 3590 889 3661 parocbia
907 3590 958 3644 nli·
1043 3592 1223 3649 Coetssrrnes
1241 3593 1397 3662 episcopos,
1410 3606 1663 3648 serrnsserrerunu
1678 3595 1737 3656 liei,
1750 3610 1791 3647 se-

170 3692 251 3748 quam
266 3678 408 3734 ecclesiam
426 3678 468 3734 uel
490 3680 674 3750 possessiones
690 3682 806 3747 lrabetis,
820 3682 859 3738 rel
877 3684 957 3738 dece·
1007 3684 1118 3739 nerubiii
1134 3683 1212 3738 iratri
1231 3681 1370 3738 fltenrrre
1393 3682 1538 3738 Parisiensi
1559 3684 1706 3754 episcope,
1724 3686 1792 3756 rjus·

171 3771 251 3827 dente
278 3771 498 3840 nrcbiepiscepe,
515 3772 632 3826 clericos
660 3772 702 3826 uei
729 3771 814 3828 inires
832 3773 956 3842 ejrrsdem
1007 3789 1061 3843 qne
1081 3773 1287 3830 succcessoribus
1306 3773 1441 3829 canonice
1460 3773 1663 3831 substituendis
1683 3776 1711 3831 io
1731 3789 1790 3847 per·

169 3861 291 3916 ecclesie
309 3863 343 3916 ad
365 3862 516 3917 burrianum
534 3862 690 3930 pentidcctn
707 3862 749 3916 uel
764 3865 797 3916 ed
812 3863 954 3933 imperitam
1006 3875 1129 3934 peluem.

170 3950 315 4019 cujrnlibet
340 3951 378 4005 rei
397 3953 484 4018 gratia
510 3951 646 4019 proticisci
669 3953 826 4021 cerrtigerit,
854 3953 954 4007 nuliam
1042 3956 1148 4022 Quanto
1163 3956 1791 4030 innutriretgtnrtosaPartszenstsbcctesiapn

170 4042 248 4095 robis
272 4041 440 4095 exactionem
460 4041 486 4094 in
508 4051 693 4111 argenteam
715 4043 888 4111 equitaturis,
910 4053 956 4097 ant
1007 4053 1071 4107 aede
1086 4052 1158 4121 regis
1173 4051 1340 4108 Francorum
1352 4055 1446 4110 existit
1462 4055 1602 4119 famosior,
1617 4066 1648 4111 et
1666 4057 1791 4111 inaniore

171 4130 304 4201 aliquibus
318 4132 379 4186 aliis
394 4133 535 4202 stipendiis
550 4135 585 4187 de
598 4131 721 4200 ciusdem
737 4135 860 4189 ecclesie
877 4136 957 4191 rebus
1005 4151 1034 4198 et
1053 4146 1203 4199 reverentie
1219 4147 1290 4202 beati
1303 4144 1376 4201 l’etri
1389 4157 1529 4203 etsancta·
1551 4147 1688 4207 Romana
1702 4151 1790 4207 Eccle-

170 4221 261 4278 iecere
274 4224 402 4289 audeant,
416 4240 464 4278 seu
479 4224 579 4279 ibidete
600 4225 761 4293 irespitnndn
784 4227 892 4295 aliquod
906 4244 955 4281 ιιιι-
1005 4237 1063 4299 sie,
1092 4237 1255 4292 uenerabilis
1273 4238 1369 4302 irater,
1395 4238 1502 4294 Hauriti
1520 4243 1663 4310 episcope,
1686 4252 1751 4307 etr„
1766 4253 1790 4296 at

170 4325 252 4381 quom
276 4324 423 4382 grarartncn
448 4313 560 4368 inferre.
587 4315 721 4369 i’rnterea
747 4315 787 4380 si,
813 4317 956 4385 ingruente
1006 4328 1178 4398 inpririisgie
1190 4327 1339 4385 iunocentii
1356 4330 1402 4400 li,
1423 4347 1505 4401 usgue
1520 4331 1555 4385 eri
1573 4350 1583 4387 a
1599 4331 1791 4404 Spectarenn-

172 4401 252 4465 belie,
266 4404 339 4456 cives
353 4401 527 4458 ileucrmetes
549 4403 590 4463 uel
612 4405 727 4458 aliarum
748 4407 898 4470 ciuitatum,
915 4408 955 4461 uel
1006 4430 1129 4474 gemunt,

170 4486 291 4543 luterum
308 4490 432 4545 hemines
450 4506 498 4559 pre
521 4492 663 4557 militibus,
678 4493 719 4546 tei
737 4511 785 4563 pre
806 4499 902 4550 trrernda
917 4499 956 4550 ci·
972 4530 995 4586 n
1041 4486 1182 4565 gageriam
1197 4512 1385 4582 episcopam„
1399 4515 1560 4585 „mimis
1572 4517 1696 4576 ,quatis
1707 4532 1735 4577 gg
1749 4538 1791 4579 ῃ.

85 4646 87 4648 q
170 4581 328 4645 rennueret
348 4593 439 4636 castre
462 4584 603 4640 ceiieetarn
633 4585 829 4656 lec-erinnjnnr
855 4589 954 4644 dietant
1007 4603 1789 4672 rumparesentisseupareebranisernnibns,sideinetin

167 4672 315 4728 ¹ecclesium
338 4685 456 4729 uestrum
471 4675 507 4728 ab
522 4678 595 4731 entrri
615 4679 758 4732 erectione
778 4679 955 4734 nibilominus
1005 4688 1114 4744 abbana
1137 4690 1171 4745 de
1185 4689 1379 4755 bisinianensi,
1397 4694 1425 4747 in
1439 4697 1549 4750 abbana
1574 4696 1749 4766 fossatensi,
1766 4704 1789 4754 in

171 4762 320 4819 immunem
333 4779 392 4820 esse
406 4767 589 4839 precipimus.
1005 4779 1113 4833 abbatia
1126 4780 1218 4837 Sancti
1238 4781 1373 4853 liagierii,
1390 4785 1417 4838 in
1431 4787 1540 4841 abbatia
1550 4787 1649 4845 Sancti
1666 4790 1788 4855 Victoris.

206 4851 382 4910 liecernimus
393 4871 458 4926 erge
469 4867 498 4913 ut
513 4858 581 4913 nulii
595 4860 706 4914 omuino
720 4858 860 4914 benninnm
877 4861 956 4916 liceat
1005 4870 1032 4924 in
1046 4871 1153 4925 ateana
1165 4873 1245 4928 nauis
1260 4874 1368 4930 sarum
1387 4870 1531 4944 liarie,'in
1546 4880 1663 4938 abbatia
1683 4885 1719 4939 de
1731 4886 1791 4940 Sur·

171 4945 313 5015 prefatam
339 4945 483 5003 ecclesiam
509 4957 611 5004 temere
634 4951 805 5019 perturbare,
829 4951 955 5020 emejus
1005 4961 1078 5025 nriu,
1105 4964 1131 5016 in
1146 4964 1254 5020 abbatia
1270 4965 1426 5035 lierisaiiis,
1444 4971 1473 5025 ie
1497 4973 1607 5027 abbatia
1632 4974 1790 5034 lienamuia-

169 5035 357 5117 pesssssienes
372 5033 491 5100 auterre,
508 5036 639 5103 retinuere,
653 5047 701 5093 ant
718 5039 855 5109 atiqntuns
873 5056 954 5096 rexu-
1004 5067 1077 5118 rnnn
1101 5054 1127 5108 tn
1149 5055 1256 5111 annua
1280 5059 1379 5115 sterne
1395 5060 1491 5129 ιὶςιιιι,
1515 5064 1542 5118 in
1561 5066 1674 5122 abbane
1693 5072 1789 5126 artent.

171 5123 291 5180 tionibus
313 5123 439 5196 intigens,
452 5125 500 5182 sed
521 5130 613 5183 ernniu
638 5130 741 5201 integra
758 5142 955 5194 conserventur
1005 5144 1161 5199 unnnrniaitmn
1176 5147 1211 5201 de
1234 5148 1324 5204 uenite
1336 5150 1496 5223 iiartyrum,
1511 5154 1537 5208 in
1551 5155 1665 5215 abbana
1687 5163 1721 5218 de
1739 5163 1788 5218 ilr-

171 5229 277 5280 sornm,
300 5228 350 5285 pre
364 5230 479 5285 querum
503 5218 699 5288 gubernatione
712 5230 739 5277 et
757 5225 954 5278 sustentatione
1005 5233 1081 5299 dere,
1096 5235 1122 5288 in
1137 5237 1245 5292 abbatia
1261 5241 1295 5294 de
1309 5240 1424 5308 lisia,in
1443 5246 1551 5301 abbatia
1566 5250 1600 5303 de
1622 5249 1682 5312 Gii,
1703 5256 1728 5308 in
1747 5258 1788 5310 ab·

171 5316 299 5359 concesse
323 5315 397 5371 sunu,
414 5309 506 5362 usibus
530 5309 694 5366 omnimodis
711 5313 862 5382 protutura,
879 5315 953 5370 sun
1005 5325 1077 5380 bansta
1103 5330 1195 5383 sunu
1210 5331 1310 5387 ciriaci
1324 5344 1352 5389 n
1370 5338 1397 5389 n
1412 5336 1523 5393 annania
1539 5341 1617 5396 rattis-
1635 5343 1788 5409 erotunsn,

170 5395 243 5497 sedis
259 5397 411 5465 apostelicae
425 5401 595 5456 atteteritete.
1004 5428 1032 5472 et
1048 5420 1073 5472 in
1088 5421 1201 5474 ecclesia
1219 5437 1300 5492 super
1315 5426 1492 5495 Argenteeiis.

206 5485 235 5539 sn
249 5501 300 5555 erra
313 5487 393 5558 igitur
403 5489 430 5544 in
442 5489 632 5560 intusumctc.
645 5493 757 5554 Cunctis
765 5509 854 5556 sutem
866 5502 953 5560 eidem
1039 5510 1101 5566 Puri
1118 5527 1224 5582 ‹qureque
1238 5525 1266 5568 et
1278 5519 1465 5587 tranquillitati
1486 5523 1653 5583 Prurisiensis
1667 5531 1787 5590 Ecclesiae

169 5577 303 5679 inceste.
1003 5602 1292 5672 presidere-uolentes,
1301 5618 1367 5674 etc„
1377 5620 1404 5663 nt
1413 5612 1440 5664 in
1449 5615 1590 5684 privilegiis
1600 5619 1785 5676 innocentnil

206 5670 262 5740 bge
272 5670 444 5739 celestinus,
455 5676 594 5734 ratbelicae
605 5680 731 5742 drctntae
742 5688 898 5760 episeopus.
1003 5703 1027 5746 tt
1044 5691 1116 5746 Lucii
1129 5692 1171 5748 Η.

207 5760 261 5832 lige
275 5762 398 5834 bibleus,
411 5765 544 5825 sibenen.
560 5772 715 5845 episeopus.
1039 5786 1137 5844 ilatum
1149 5788 1290 5860 Laterani,
1306 5811 1357 5867 per
1369 5814 1479 5857 teatrum
1490 5800 1595 5870 Cencii,
1613 5806 1727 5866 Sancte·
1737 5811 1785 5865 iu·
