3960 6314
306 340 372 400 {dil

912 329 1107 389 ctutcstttt
1120 331 1152 386 ιιι
1171 331 1272 388 ΡΑΡιΕ

1872 333 1941 392 iiii

304 455 412 530 paropsis
433 462 464 512 et
481 451 633 510 litterarum
655 463 724 520 quas
749 447 1088 505 detuleruntcoutinentia
1104 453 1126 510 n
1141 447 1208 513 iulio,
1220 446 1311 504 alrbati
1330 444 1601 511 llecsuitltelnucusi,
1627 447 1778 504 secundant
1795 446 1871 517 iuris
1883 448 1937 504 ιιιι-

304 550 480 614 denotarunt,
506 544 640 616 quoddam
667 551 788 596 castrum
812 540 932 612 ejrrsdein
957 539 1093 608 arclrieni·

302 642 377 713 scopi
393 648 421 696 et
435 638 557 695 eeclesias
578 650 633 690 susc
645 673 653 700 ,
667 633 792 688 Stadium
809 635 934 698 nonnius.
953 648 986 689 ac
1007 634 1093 692 couti·

304 732 370 787 tiam
391 730 561 785 stadiensem
581 725 679 796 iiijirste
699 724 817 779 detinuit
831 725 988 792 aliquandiu
997 735 1025 782 et
1048 728 1093 781 atl-

305 824 357 879 lutc
373 822 467 877 illicite
483 819 511 872 in
537 817 661 888 propria
680 815 777 871 salutis
800 815 949 886 periculum
971 818 1093 873 detinere

303 910 453 968 contendit.
476 907 637 963 construxit
672 908 754 962 etiam
784 914 903 961 castrum
932 908 1032 962 nolitne
1065 905 1092 962 in

303 999 469 1071 proprietate
483 998 571 1066 ipsius
592 997 717 1053 aeclesias
733 998 804 1066 apud
820 998 910 1051 ioetnn
931 997 977 1066 qui
993 998 1093 1054 dicitur

303 1091 472 1152 liureurucii,
489 1088 516 1141 in
530 1102 657 1157 maguum
671 1086 793 1152 ejusdem
810 1086 1093 1148 ecclesiasdetrimen·

303 1188 369 1244 ιιιιιι,
391 1194 453 1233 curn
484 1178 571 1232 nuntii
603 1176 801 1247 archiepiscopi
820 1185 849 1232 et
864 1178 948 1246 ipsius
964 1177 1093 1234 Ecclesiae¹

302 1287 352 1341 pru
365 1267 566 1340 gravaminibus
580 1281 642 1336 quac
660 1267 729 1336 ipsis
746 1266 804 1335 lain
818 1269 906 1322 dictus
921 1282 1013 1324 comes
1023 1269 1091 1323 assi·

303 1363 355 1416 dam
370 1359 511 1421 irrierelmu
524 1357 558 1411 ad
579 1358 672 1413 scdom
703 1368 797 1414 essent
812 1357 988 1427 apostolicam
1005 1361 1091 1415 desti·

303 1447 368 1502 uati.
384 1446 518 1501 Praeterea
538 1461 630 1501 comes
648 1446 706 1515 ipse
725 1445 841 1501 clericos
855 1445 976 1513 ciusdem
1002 1450 1092 1504 areld-

301 1537 420 1607 episcopi
432 1538 466 1591 ad
485 1537 544 1607 ejus
557 1536 688 1608 synodum
700 1538 798 1606 saepius
813 1547 886 1592 retas
906 1539 1036 1596 accedere
1059 1555 1092 1596 ac

302 1631 496 1685 risististeriales
516 1632 574 1696 eius
596 1628 716 1683 debiturn
737 1629 763 1684 ei
781 1646 834 1683 iton
860 1634 992 1699 permittit
1005 1635 1091 1688 serti·

1144 550 1216 592 marn
1243 545 1387 607 proponat.
1408 537 1463 593 Nos
1480 537 1554 592 enini
1578 537 1645 606 ipsis
1659 539 1852 605 jndicibnsin
1875 541 1939 596 olio

1143 630 1252 686 ‹l'cntire
1267 631 1367 685 virtuto
1384 629 1507 688 districte
1520 632 1700 700 precepimus
1715 639 1756 698 ut,
1769 630 1792 685 si
1806 630 1938 701 prtiattss

1144 736 1235 777 comes
1257 731 1419 793 praeceptura
1444 732 1566 777 nostrum
1596 722 1744 793 neglexerit
1776 723 1936 792 ailliiiplcre.

1144 811 1194 882 ipsi
1223 812 1256 894 ad
1282 811 1456 869 [troarnensem
1481 814 1620 871 civitatem
1641 816 1747 888 pariter
1773 817 1938 872 accolentes

1143 902 1267 959 earundem
1290 905 1417 960 comitem
1440 920 1471 959 ac
1485 920 1551 960 sitos
1576 907 1603 961 in
1630 905 1784 974 trrituamott
1803 923 1935 969 praesunt·

1144 993 1237 1062 ptione
1258 992 1389 1060 fautores,
1416 995 1516 1050 nullius
1539 998 1756 1053 contradictione
1780 997 1823 1051 uel
1844 997 1935 1065 appol-

1144 1080 1245 1138 latioue
1257 1084 1394 1147 obstante,
1409 1084 1517 1141 siricolo
1527 1088 1823 1143 esconuunnicatiouis
1836 1090 1936 1143 astrin-

1143 1182 1208 1243 gant
1226 1184 1255 1230 ct
1273 1176 1426 1230 rriritcrsaru
1441 1186 1542 1231 terram
1569 1190 1624 1232 sure
1637 1177 1764 1246 potestati
1784 1175 1935 1244 saibjectam

1142 1263 1290 1332 suljiciant
1324 1265 1513 1322 ecclesiastico
1544 1266 1698 1323 interdu-tn.
1730 1267 1763 1322 Et
1790 1276 1936 1336 utraruqtse

1143 1358 1304 1410 senitentiam
1334 1358 1450 1428 siugulis
1478 1357 1628 1414 Dominicis
1658 1367 1685 1414 ct
1708 1359 1813 1414 institis
1841 1360 1937 1416 diebus

1143 1446 1235 1500 tanrliu
1249 1448 1356 1518 pontico
1366 1449 1490 1502 nrrrtticut
1500 1456 1527 1502 et
1538 1451 1656 1502 nitrisiari
1672 1449 1775 1504 urciani
1790 1449 1936 1504 iuviolabi-

1144 1537 1205 1591 litct·
1227 1539 1435 1605 otisermmtam,
1459 1541 1545 1593 dorice
1571 1538 1604 1592 ad
1630 1545 1788 1593 mandarun
1811 1539 1935 1607 predicti

1142 1627 1338 1698 archicpiscopi
1354 1641 1381 1684 et
1403 1629 1531 1684 Ecclesia
1543 1643 1597 1683 stite
1622 1629 1762 1683 hrrrrdlitcr
1778 1641 1936 1684 rescrtntnr

303 1719 523 1784 tinuresltlltere,
548 1730 576 1774 et
594 1719 663 1774 allas
688 1719 1000 1791 quaruntultasinjurias
1021 1724 1046 1778 ci
1063 1733 1090 1779 el
1142 1732 1174 1773 ιιι
1201 1734 1261 1786 sitite
1281 1720 1455 1788 pnmttntmus
1484 1719 1596 1789 impleat
1622 1718 1769 1784 ιιιιὶιιιόῖι,
1785 1720 1934 1774 eturmam

300 1811 429 1866 cortesius
446 1827 504 1866 sue
516 1827 568 1864 mm
590 1813 688 1865 notuit
715 1813 846 1880 irrogare.
862 1810 915 1866 Pro
930 1824 1008 1881 parto
1026 1830 1091 1872 sero
1106 1787 1127 1842 B
1142 1820 1251 1879 praestet
1270 1811 1352 1864 etiam
1371 1810 1536 1876 ιιιιιῑθιιθΰιι
1555 1808 1627 1880 ιιιιθιι
1649 1809 1776 1864 inutilem
1797 1810 1934 1877 arcmelli·

301 1903 454 1970 praescripti
471 1902 582 1955 coiiiitis
608 1903 725 1957 dilectus·
741 1901 811 1955 tilius
829 1912 937 1967 noster,
961 1907 1092 1975 nitigistcr
1141 1915 1250 1970 scopum
1263 1917 1325 1956 cum
1345 1918 1393 1957 sua
1409 1901 1529 1958 Ecclesia
1543 1900 1570 1956 iu
1589 1900 1632 1955 lais
1651 1900 1692 1955 ιιι
1706 1901 1769 1956 aliis
1783 1903 1936 1956 errrirrniter

301 1995 401 2056 Brirnn,
420 1994 541 2062 prolatis
569 1995 673 2049 decano
688 2002 716 2048 et
742 1993 818 2048 socio
845 2007 905 2055 stin,
930 2008 991 2049 cirin
1008 1999 1092 2064 ipsius
1142 2010 1196 2049 nnu
1211 1994 1346 2065 gravabit.
1361 1995 1439 2062 Qrtod
1462 1994 1486 2050 si
1506 1994 1635 2064 prointus
1655 2009 1768 2057 coines,
1790 1992 1884 2057 tacis,
1905 2000 1934 2046 ut

301 2086 409 2140 contritis
424 2086 522 2140 litteris
532 2085 564 2139 ad
579 2095 702 2141 nostram
717 2085 884 2139 arrdieutiasu
899 2085 971 2141 illius
982 2090 1092 2144 rioruinc
1141 2087 1270 2154 diximus,
1286 2087 1459 2142 restitutione
1474 2084 1597 2156 plenaria
1613 2095 1641 2139 ct
1661 2084 1694 2140 de
1708 2086 1816 2138 ilariiuis
1832 2099 1865 2137 ac
1891 2083 1933 2136 in·

300 2177 457 2241 stemmatis,
483 2178 652 2232 econtrario
672 2191 702 2231 se
716 2179 859 2244 opposuit,
876 2191 1001 2234 assereus
1016 2180 1090 2247 qiiod
1137 2178 1219 2245 iuriis
1241 2177 1371 2248 irrogatis
1391 2192 1510 2248 congrue
1535 2178 1691 2243 satistacm,
1718 2188 1814 2230 coutm
1846 2177 1932 2246 ipsum

300 2269 363 2319 ιιιιιιι
380 2280 472 2321 coutes
493 2266 593 2336 ipsein
617 2265 844 2338 ierosolymitana
872 2270 1090 2341 peregrinatione

300 2369 433 2424 marteret,
463 2359 533 2415 idern
554 2359 776 2429 archiepiscopus
799 2361 899 2417 iratasit
913 2371 1000 2417 terras
1020 2361 1090 2418 illius

299 2451 359 2505 etei
374 2464 407 2506 ac
424 2449 581 2506 ltoniiulhns
591 2452 649 2504 suis
663 2450 762 2504 damna
776 2453 869 2521 gratia
882 2453 1020 2523 irrogavit.
1032 2454 1089 2521 Qua

299 2542 334 2595 de
352 2554 438 2595 carisa
469 2539 539 2593 idem
563 2554 656 2594 coines
679 2549 739 2610 post
757 2542 873 2596 reditum
895 2557 974 2598 suurn
997 2557 1089 2597 coram

299 2631 398 2685 dilecto
419 2629 474 2683 iulio
494 2638 589 2683 nostro
603 2630 711 2693 Gentio,
729 2629 808 2684 titulo
832 2629 925 2686 Sancti
951 2630 1089 2686 Laurcmii

300 2722 327 2776 in
355 2721 457 2775 Lucina
484 2722 645 2790 presbytero
674 2719 816 2786 carrliuali,
842 2731 908 2777 toric
935 2721 1089 2792 apostatica

298 2810 372 2866 sedis
385 2811 485 2880 legato,
499 2812 562 2865 duur
577 2827 591 2865 a
605 2811 728 2882 partibus
745 2810 834 2866 [lactc
850 2821 994 2874 remearet.
1008 2827 1090 2882 suaper

300 2903 342 2959 lris
355 2903 495 2972 proposuit
509 2904 699 2972 questionem.
715 2904 766 2971 Qui
783 2905 893 2973 utrique
906 2905 976 2974 parti
985 2905 1090 2974 juridicos

296 2994 442 3063 delegarit,
472 3009 488 3048 a
515 2996 614 3064 quinus
642 3010 704 3050 carn
738 2995 958 3066 archiepiscopus
991 2995 1089 3050 citatus

1141 2270 1378 2340 archiepiscopum
1393 2280 1420 2326 ct
1445 2270 1594 2326 Ecclesiam
1606 2269 1666 2338 ejus
1685 2281 1841 2337 proponere
1856 2265 1934 2335 quid·

1140 2375 1220 2429 quarn
1234 2360 1360 2424 voluterit,
1374 2361 1423 2430 ipsi
1438 2361 1550 2416 audiant
1567 2375 1678 2415 catrsarn
1698 2368 1726 2413 et
1743 2356 1933 2426 carn,jnstitia

1140 2451 1287 2515 mediante.
1301 2451 1440 2514 decidant.
1453 2451 1588 2506 iacientes
1599 2451 1764 2505 auctoritate
1777 2463 1876 2505 nostra
1888 2462 1934 2519 per

1140 2541 1354 2596 ecclesiasticam
1368 2556 1511 2600 eensrtrarn
1529 2543 1601 2612 qnod
1624 2542 1799 2597 ‹lei-reteniat
1821 2543 1934 2596 inviola-

1140 2632 1231 2687 ltilitor
1254 2633 1404 2688 observari.
1433 2632 1565 2700 Quocirca
1587 2632 1746 2687 discretioni
1764 2642 1866 2687 restrae
1887 2647 1935 2701 per

1139 2725 1289 2795 apostolica
1303 2727 1406 2791 scripta
1428 2724 1589 2780 mandamus
1612 2735 1640 2779 et
1660 2725 1785 2780 districte
1806 2723 1936 2795 praccipi-

1140 2831 1212 2882 ntus,
1227 2827 1373 2887 quisti-nus.
1401 2815 1424 2871 si
1441 2817 1583 2872 ntemorati
1608 2815 1713 2885 judices
1730 2830 1817 2881 suuper
1835 2812 1933 2870 horum

1141 2908 1318 2964 exsecutione
1334 2907 1427 2977 tepidi,
1442 2908 1514 2977 quod
1537 2921 1591 2962 non
1605 2904 1753 2969 credimus,
1777 2901 1883 2961 inerint
1895 2904 1933 2960 tel

1141 2998 1258 3062 retriissi,
1271 3013 1317 3051 sos
1327 3012 1357 3052 ca
1369 2997 1619 3066 quaepraedisimus.
1629 2995 1704 3050 omni
1715 2996 1935 3052 contradictione

298 3083 405 3149 iniisset,
429 3086 553 3153 promisit
594 3085 820 3156 compositionem
841 3099 903 3140 cnm
930 3084 1029 3140 comite
1059 3100 1088 3140 sc
1102 3125 1123 3182 c
1141 3101 1173 3141 ac
1199 3087 1383 3155 appellatione
1407 3086 1576 3157 postposita,
1602 3085 1773 3139 exsecutioni
1800 3085 1935 3138 niairdare

298 3175 436 3231 iacturutu
451 3185 478 3231 ct
492 3176 525 3231 de
547 3177 590 3231 liis
612 3176 738 3233 omuibus
752 3174 965 3232 satisfactionem
978 3177 1003 3229 ei
1023 3190 1089 3232 eon·
1141 3179 1254 3233 carretis.
1267 3177 1334 3232 Etsi
1357 3179 1414 3247 jam
1440 3178 1505 3232 ilicti
1523 3176 1631 3246 lttrliccs
1656 3191 1742 3245 usquc
1769 3177 1803 3230 ad
1834 3175 1934 3230 testum

298 3282 394 3338 gruans
409 3267 606 3337 impensurum.
624 3267 657 3321 Et
682 3269 722 3322 sic
740 3268 803 3324 talia
824 3268 1010 3337 promittendo
1038 3281 1088 3323 uec
1139 3269 1224 3326 saneti
1236 3268 1377 3323 llicliaclis
1393 3282 1486 3321 ariense
1495 3266 1664 3334 Septeiuluis
1672 3267 1796 3335 proxime
1811 3267 1932 3324 intrarunt

297 3356 475 3423 srljrrdieimu
489 3372 583 3412 eorum
606 3357 734 3424 accessit,
757 3372 808 3414 nee
825 3373 886 3429 quae
900 3359 1026 3428 promisit
1040 3373 1089 3414 eu·
1138 3361 1307 3416 satisfacturi
1335 3360 1369 3413 de
1396 3357 1535 3426 apostolici
1561 3357 1689 3427 praecepti
1717 3366 1881 3426 coarteruptu
1901 3357 1933 3410 ad

298 3445 516 3502 rarituilatcnns
531 3448 690 3516 adimplere.
1139 3450 1288 3506 lloumnmu
1310 3450 1459 3504 Ecclesiam
1489 3462 1542 3502 riou
1568 3446 1746 3511 accesserint,
1771 3462 1822 3502 tos
1846 3457 1897 3504 'eos
1917 3464 1932 3501 a

333 3536 469 3591 Caeterum
489 3552 550 3592 curn
563 3538 725 3606 sepedictus
739 3537 1087 3609 archicpiscopuseumdetn
1137 3544 1194 3597 suis
1207 3540 1313 3608 officiis,
1326 3541 1487 3595 airctoritate
1508 3538 1611 3594 rulitdti
1627 3539 1799 3610 apostolica,
1816 3553 1932 3611 suspeu-

295 3626 425 3682 cmuitcut
442 3641 524 3695 saper
537 3627 699 3696 quibusdam
721 3627 783 3682 aliis
796 3628 876 3682 uellet
892 3627 1088 3707 quaestionibus
1138 3635 1218 3697 datis,
1242 3634 1324 3687 nuliis
1351 3632 1448 3686 litteris
1464 3631 1650 3694 obstantibus,
1668 3632 1689 3687 si
1715 3646 1776 3700 quire
1795 3646 1932 3700 apparuc·

297 3716 447 3771 eotrveuire
471 3725 500 3772 et
532 3730 596 3770 eunt
627 3715 781 3770 intenderet
815 3715 1088 3770 excommunicationi
1140 3723 1298 3777 clarisona
1311 3719 1469 3789 apostolica,
1484 3721 1598 3774 istarum
1610 3719 1747 3774 incautione
1759 3734 1814 3773 nain
1826 3719 1930 3780 trustra,

297 3820 461 3879 supponere,
478 3807 722 3876 comesipsesupcr
738 3805 889 3873 hirjiismodi
909 3819 971 3861 euin
986 3805 1088 3860 irridens
1139 3814 1300 3882 impetratae.
1318 3811 1393 3877 Quod
1406 3809 1428 3863 si
1449 3823 1544 3865 omnes
1569 3810 1611 3865 lais
1637 3809 1824 3878 exsequendis
1840 3809 1931 3877 ueqrd·

297 3911 463 3970 suspectum,
478 3899 511 3954 ad
524 3898 617 3953 scderu
630 3897 805 3966 apostolicam
820 3896 973 3965 appellarit,
987 3896 1086 3951 testum
1137 3903 1231 3957 seritis
1244 3904 1387 3967 littoressc,
1399 3902 1453 3957 duo
1469 3911 1589 3956 restrum
1612 3912 1646 3955 ea
1657 3898 1840 3954 niliilominus
1852 3911 1930 3955 esse·

298 3993 370 4050 beati
395 3989 506 4045 Elaornrc
524 3988 637 4058 apostoli
665 3989 789 4056 prasiane
814 3987 981 4055 praeteritum
995 3987 1087 4040 terari-

297 4103 361 4143 num
376 4084 550 4156 appellationi
565 4081 720 4154 praeilgens.
733 4081 786 4137 Pro
797 4080 974 4150 citinsutique
988 4094 1085 4150 prose-

296 4180 405 4236 cutione
435 4174 576 4247 praeiatunt
598 4176 693 4228 adnos
726 4171 833 4227 curauit
857 4186 936 4226 suurn
960 4172 1084 4225 nuntiurn

297 4268 445 4325 destiraare.
458 4267 526 4334 Quia
538 4279 603 4320 tero
627 4262 748 4331 ejtisdent
772 4261 967 4332 archiepiscopi
989 4272 1017 4316 et
1032 4263 1084 4317 Ec·

296 4360 388 4417 elesice
400 4372 456 4414 snae
470 4357 645 4428 gravamina,
658 4354 755 4425 quibus
766 4353 874 4409 assidue
883 4355 1082 4424 deprimuntur,

295 4461 392 4507 nostra
404 4449 487 4505 etiarn
500 4457 628 4518 reputare
644 4444 785 4508 debemus,
800 4440 914 4514 protam
928 4445 1021 4498 comiti
1036 4444 1086 4498 sub
1102 4433 1124 4488 ὓ

297 4537 519 4598 lnterminatione
544 4538 628 4594 divini
644 4536 737 4608 judicii
762 4535 887 4590 districte
911 4537 1088 4606 praecepimus

297 4640 327 4686 ut
343 4631 472 4701 praedicta
499 4629 669 4697 omniaque
686 4627 712 4680 in
739 4625 925 4696 prejudicium
944 4625 1028 4694 ipsius
1041 4642 1085 4679 ar-

296 4719 517 4790 ciriepiscopiet
537 4714 662 4771 ecclesio,
686 4728 742 4767 suaa
773 4715 893 4768 detinere
918 4715 1084 4780 proponitur,

297 4821 378 4882 priuos
392 4811 432 4865 eis
451 4810 483 4865 de
503 4808 565 4876 jure
590 4813 757 4875 competunt,
782 4805 841 4859 siue
869 4802 1024 4858 difficultate
1037 4818 1084 4858 sen

295 4902 428 4960 dilatione
454 4901 632 4966 restituat,et
653 4898 687 4953 de
712 4897 819 4952 donariis
841 4896 922 4950 illatis
937 4907 964 4949 et
979 4897 1085 4966 injuriis

295 4992 451 5051 satisfaciat
468 4997 654 5057 competenter
675 4997 702 5042 et
713 4989 747 5042 ab
760 5001 854 5042 eorum
879 4988 912 5041 de
927 4996 1027 5042 cetero
1038 5001 1083 5057 pe·

295 5083 371 5138 nitus
393 5079 551 5150 gravamine
570 5090 603 5131 ae
630 5075 817 5130 molestatione
850 5076 974 5133 desistat.
1001 5075 1083 5129 Facta

295 5187 360 5229 sero
374 5168 547 5225 restitutione
556 5174 584 5222 et
596 5180 716 5238 congrue
726 5165 879 5228 satisfacto.
905 5178 934 5221 ut
954 5167 1082 5234 diximus,

295 5265 330 5320 ele
348 5261 454 5330 injuriis
473 5266 501 5316 et
524 5258 631 5314 damnis
654 5259 689 5313 ab
709 5272 742 5314 co
757 5258 809 5329 ipsi
821 5259 1028 5328 archiepiscopo
1055 5269 1083 5315 et

295 5353 449 5408 comnriosae
462 5351 514 5406 sibi
533 5351 661 5407 Ecclesia
680 5350 825 5421 irrogatis.
847 5351 869 5405 si
883 5362 965 5418 snper
978 5363 1082 5405 mento·

297 5446 365 5500 ratis
382 5444 505 5500 articulis
530 5445 571 5501 rel
590 5444 652 5499 aliis
675 5450 768 5498 contra
784 5443 873 5510 ipsum
898 5441 1081 5511 archiepisco-

297 5550 360 5605 pum
377 5533 420 5589 rei
437 5533 580 5591 ecclesiam
596 5549 673 5591 suam
695 5532 842 5603 quidquam
861 5532 970 5587 durent
982 5547 1080 5603 propo

299 5629 439 5695 neudum,
465 5641 560 5684 eoram
591 5626 789 5681 venerabilibus
817 5624 945 5678 iratribus
968 5625 1078 5691 nostris,

300 5716 502 5778 donasortcmt
517 5728 545 5774 et
558 5716 760 5789 diusburgensi
779 5715 924 5786 episcopis,
939 5724 967 5769 et
980 5714 1080 5770 dilecto

1155 4003 1262 4048 uantur.

1135 4008 1153 4064 q
1173 4083 1435 4150 llatnuiLaterani,r
1448 4081 1538 4140 Nonas
1546 4079 1834 4150 liastii,pontiilcatus
1845 4082 1927 4141 uestri

1134 4189 1206 4231 anno
1220 4185 1325 4245 quarto.

1433 4286 1620 4345 ccxxxtttt.

1140 4377 1302 4432 liunoatcrio
1318 4377 1576 4498 ileitenioselnceu'si
1592 4379 1719 4447 cupellam
1741 4379 1871 4436 Ceidinrn
1886 4400 1926 4437 ss·

1497 4462 1548 4500 seri
1564 4483 1572 4500 .

1348 4532 1499 4601 (banterani,
1517 4535 1553 4590 td.
1571 4535 1684 4605 Martii.)

1338 4624 1525 4697 illocalium..
1542 4624 1585 4689 l't,
1599 4625 1675 4698 560]

1172 4715 1350 4770 Coeecsrtsus
1370 4715 1630 4783 episcopusservus
1652 4728 1794 4770 sertorum
1811 4718 1872 4783 ilci,
1889 4721 1926 4773 di·

1137 4807 1215 4860 lectis
1240 4806 1302 4860 illlis
1321 4807 1464 4860 Rieecmco
1487 4805 1577 4860 abbati
1601 4816 1629 4859 et
1649 4808 1793 4863 conrcntni
1818 4810 1925 4867 deiici-

1136 4899 1279 4962 denlrasla,
1295 4899 1410 4952 salntem
1425 4908 1452 4952 et
1468 4898 1643 4968 apostolicam
1658 4894 1892 4956 beiiedictionern.

1172 4992 1352 5044 Sacrosaneta
1370 4990 1490 5044 Romana
1506 4988 1626 5043 Ecclesia
1637 4990 1750 5044 derotos
1762 4998 1791 5045 et
1806 4993 1923 5050 humiles

1136 5081 1206 5136 illios
1220 5095 1253 5135 es
1267 5090 1382 5134 assueta
1396 5081 1507 5149 pietatis
1518 5078 1608 5135 officio
1620 5082 1785 5150 propensius
1810 5084 1922 5154 diligere

1135 5172 1287 5235 consueuit,
1303 5179 1331 5224 et
1344 5184 1376 5223 ne
1391 5184 1536 5240 pratorum
1555 5170 1696 5225 hominurn
1714 5172 1853 5229 molestiis
1866 5177 1922 5244 agi·

1135 5269 1237 5327 tentor,
1245 5275 1292 5316 eos
1304 5271 1434 5327 tanquam
1448 5261 1491 5326 pia
1502 5268 1589 5313 naater
1601 5274 1657 5314 suae
1667 5263 1854 5330 protectionis
1865 5281 1922 5318 mo·

1135 5351 1238 5407 uimine
1264 5350 1421 5408 conierere.
1447 5349 1605 5419 Eapropter,
1633 5350 1725 5405 dilecti
1750 5351 1776 5405 io
1806 5351 1920 5409 ὓοιιιιιιι

1134 5442 1195 5507 dlii,
1213 5441 1397 5508 devotionem,
1410 5455 1491 5510 quarn
1504 5454 1569 5510 erga
1583 5439 1692 5495 beatum
1706 5435 1859 5500 Petronios
1875 5459 1921 5499 nos

1134 5535 1207 5606 ipsos
1219 5533 1321 5588 haltere
1333 5530 1539 5602 cognoscimini,
1548 5531 1728 5596 attendentes,
1738 5547 1879 5602 personas
1890 5549 1919 5588 sc

1133 5623 1329 5681 anonasteritnn
1350 5630 1470 5676 restrum
1485 5634 1547 5675 eum
1573 5619 1699 5675 omnious
1722 5635 1786 5690 quas
1809 5623 1919 5694 irupra*

1131 5715 1279 5771 setttiarunt
1295 5712 1491 5770 rationabiliter
1504 5711 1659 5785 possidetis,
1673 5720 1719 5767 aut
1743 5712 1772 5768 itt
1794 5710 1917 5770 inlustria
