3960 6314
169 358 239 416 tuot

823 343 1017 401 emtusttxt
1034 344 1067 398 lli
1087 344 1186 401 PAPAE

203 474 259 544 Ego
271 468 430 543 Gregorius,
460 467 489 523 S.
508 465 600 520 llarla
630 462 657 517 ln
686 461 798 517 Purtlcu
827 460 1190 530 diaeorrusnexpressa.ct
1212 459 1361 528 aquata
1389 458 1522 530 priaciplo
1554 459 1802 532 rescriptorumad

168 564 326 621 aarrttnatls.

205 658 262 728 Ego
280 656 438 727 Gregorius,
470 651 499 708 S.
525 651 615 709 llaria
646 652 672 706 ia
703 649 806 720 nutrito
827 647 958 701 diaconas

169 749 325 804 cardinalis.

205 842 260 910 Ego
283 839 442 912 Gregorins,
471 839 501 893 S.
519 838 628 909 Georgii
659 835 692 890 ud
723 832 815 888 l'eluat
842 845 956 886 aaretnn

170 929 466 984 diaconuscardinalis.

207 1020 263 1082 Euo
286 1019 426 1085 Lutarius,
454 1019 505 1074 SS.
528 1018 614 1088 Sergii
640 1029 667 1073 et
700 1017 798 1072 Bacclrl
828 1015 958 1070 diaeonus

170 1111 328 1167 cardinalis.

206 1202 263 1272 Ego
283 1202 393 1267 lutras,
411 1202 441 1258 S.
456 1204 549 1259 llariae
562 1204 588 1258 in
608 1202 656 1258 Via
672 1200 737 1258 bata
752 1203 884 1257 diaeonus
897 1212 958 1253 car-

170 1294 279 1352 dirtaliS.

206 1386 303 1440 liutara
319 1384 458 1447 Laterani,
481 1401 529 1455 per
549 1400 658 1439 tnatttan
683 1382 784 1454 AEgidli
811 1382 840 1437 S.
856 1380 957 1436 nicalai

169 1476 328 1533 incarcere
347 1477 473 1533 Ttrlliano
490 1478 594 1534 diaconi
609 1475 767 1542 cardinalis,
788 1490 815 1530 tr
834 1472 897 1530 idas
912 1473 960 1529 lu·

170 1570 228 1632 nii.
255 1569 405 1626 indictione
436 1584 474 1635 rt,
498 1568 695 1624 incarnationis
718 1567 867 1622 borrriaicae
887 1580 959 1621 anno

171 1657 440 1728 irreparabilius
462 1674 526 1715 rere
551 1659 643 1714 danari
663 1657 802 1713 Caelestini
828 1670 903 1724 papae
928 1654 958 1708 ΙΙΙ

170 1762 242 1802 ariao
255 1748 345 1803 tertio.

499 1860 626 1918 cxltttt.

169 1951 293 2010 ll'alterr'i
314 1951 505 2024 arrltiepiscopi
533 1950 750 2020 llotlroatapeusia
770 1948 958 2018 quaestionibus

308 2031 446 2094 respondet
463 2025 495 2076 de
516 2020 746 2090 appellationibus,
763 2028 807 2075 etc

410 2114 564 2186 (Laterani,
582 2112 645 2169 lan.
658 2112 717 2182 li.)

360 2202 469 2276 {biensa
486 2202 600 2268 concil„
616 2199 685 2263 ltb't,
698 2200 773 2275 tion]

206 2294 380 2351 vindentiani
407 2302 479 2349 taatn
505 2292 608 2362 (debita
635 2292 745 2346 laudum
769 2290 961 2361 prosequimur

169 2389 277 2446 aratione
289 2400 339 2455 pro
352 2399 384 2440 co
397 2385 469 2454 qrtod
489 2397 565 2438 arture
586 2383 728 2454 prudentis
743 2383 794 2438 riri
813 2382 839 2436 ia
856 2381 959 2436 articu-

172 2482 203 2533 Ιιι·
214 2479 285 2550 jaris
297 2490 380 2546 snper
392 2475 493 2546 quibus
503 2474 650 2544 aliquando
665 2475 773 2530 drrlritas
784 2474 874 2529 sedern
884 2472 962 2528 dacis

170 2566 346 2635 apostolicare
367 2564 574 2629 consulendam,
590 2563 623 2617 ad
643 2578 725 2634 quara
748 2564 843 2632 utiquc
864 2575 960 2617 onrncs

170 2656 293 2714 ntirciles
309 2656 486 2727 questiones.
500 2664 527 2710 et
550 2667 649 2710 causas
668 2652 771 2723 antiqui
796 2653 891 2708 Patres
905 2663 961 2708 sta·

171 2758 281 2804 taurant
300 2748 397 2804 decore
409 2746 528 2815 reierri.)
538 2745 610 2800 Sane
624 2744 784 2801 consuluisti
798 2758 857 2808 aas.
869 2753 960 2798 atruaa

171 2852 341 2905 euar,causa
365 2836 556 2907 appellationis
578 2844 717 2899 cessante,
732 2833 923 2896 contrabatur,
933 2840 962 2885 et

172 2943 236 2984 rcus
259 2928 309 2983 sub
325 2928 418 2983 eudern
444 2926 536 2994 jndice
552 2937 671 2980 aetorcru
698 2924 899 2987 recunrenerit,
919 2920 961 2976 rel

172 3019 288 3086 eisdem,
310 3018 382 3089 qnod
403 3017 513 3087 quaidena
534 3033 567 3072 ex
588 3017 784 3072 constitutione
806 3027 861 3072 tarn
878 3029 962 3070 carro·

172 3114 334 3183 nicuquaur
349 3110 555 3179 Forensisjurls
566 3111 640 3167 licite
656 3112 713 3166 lieri
726 3111 870 3181 potest)‚ct
885 3121 962 3165 actor

1008 552 1138 618 mediant,
1154 559 1180 605 et
1192 551 1226 604 ad
1248 548 1331 604 darent
1355 559 1438 620 atque
1458 553 1634 622 principiam.
1656 560 1687 608 et
1701 567 1764 622 qua
1777 555 1802 608 la

1009 639 1064 696 irae
1078 642 1112 695 ad
1124 639 1287 710 principium
1302 647 1383 708 atque
1399 641 1515 696 taediata
1531 657 1604 712 supra
1622 656 1742 698 nutriero
1760 658 1802 698 rc·

1010 731 1077 787 terti
1089 730 1236 802 carariasstt.

1044 818 1135 874 'lertio
1151 815 1272 887 postulas
1286 816 1394 872 edoceri
1413 832 1476 872 carn
1490 819 1588 889 aliaais
1603 819 1727 890 judicem
1745 829 1804 875 taa-

1008 923 1090 980 qaant
1115 923 1272 980 suspectata
1303 924 1426 977 recursat.
1443 928 1478 968 aa
1501 929 1612 968 eatrsaar
1639 914 1804 982 suspicloais

1010 1001 1106 1058 debeat
1117 1001 1246 1074 allegare.
1259 1014 1287 1060 et
1299 1021 1423 1069 causata.
1435 1005 1486 1060 nisi
1501 1004 1647 1060 rnarailesta
1659 1006 1698 1060 sit
1711 1018 1803 1064 eoram

1009 1094 1104 1149 codera
1120 1095 1212 1162 jndice
1235 1097 1349 1166 probare
1365 1106 1494 1153 tencatur
1512 1107 1602 1150 urrant
1623 1097 1710 1150 etiaar
1722 1096 1803 1166 jader

1009 1184 1096 1253 possit
1114 1185 1141 1239 ia
1159 1186 1217 1255 ipso
1234 1186 1344 1257 turgotio
1358 1188 1522 1255 procedere.
1543 1186 1627 1241 sillia
1647 1189 1695 1255 qai
1718 1188 1802 1254 strapi-

1009 1274 1115 1328 cioaem
1129 1274 1234 1343 objicit,
1249 1290 1360 1330 cansaar
1374 1279 1433 1344 ejus
1449 1292 1501 1331 arua
1516 1276 1589 1341 relit,
1603 1276 1646 1329 rel
1662 1291 1720 1332 nou
1735 1278 1803 1331 valet

1006 1364 1068 1435 jaro
1083 1367 1209 1436 probare.
1227 1365 1255 1423 ia
1270 1368 1321 1424 boc
1336 1369 1465 1424 aiarirura
1482 1369 1535 1423 tale
1550 1368 1680 1424 duxitnas
1696 1370 1802 1424 carnal·

1011 1458 1106 1514 tatiani
1129 1468 1229 1514 restra
1250 1461 1316 1516 dare
1343 1474 1517 1530 responsum,
1533 1466 1604 1528 qaod
1621 1475 1686 1515 cana
1707 1459 1804 1530 aliquis

1008 1546 1128 1616 iudicem
1142 1565 1171 1606 se
1187 1560 1344 1623 suspectarn
1363 1553 1465 1607 babere
1487 1551 1616 1622 proponit
1639 1551 1803 1621 saspicioait

1010 1645 1123 1697 reatrsam
1145 1658 1237 1699 coranr
1260 1645 1355 1700 cedern
1375 1643 1468 1713 judice
1490 1643 1606 1713 allegare
1631 1653 1755 1710 tenetur,
1772 1658 1803 1699 ac

1012 1732 1098 1802 possit
1117 1733 1185 1790 alias
1205 1736 1346 1804 quodlibet
1366 1750 1416 1805 pro
1436 1750 1493 1791 suae
1506 1736 1656 1791 retonans
1679 1737 1802 1799 arbitrio.

973 1825 1193 1904 Bquoraatlibct
1213 1827 1346 1896 judiciuin
1373 1824 1546 1881 frustratorie
1570 1826 1732 1888 aleclinarc3
1760 1827 1804 1881 sel

1010 1927 1111 1985 partes.
1128 1926 1158 1972 ut
1173 1917 1199 1970 ia
1211 1916 1329 1987 aliqaenr
1344 1916 1476 1987 judicent,
1492 1915 1533 1970 rel
1553 1917 1660 1985 aliquus
1676 1930 1736 1973 non
1753 1916 1804 1970 ral-

1010 2009 1177 2063 dcrenrotos
1200 2009 1363 2064 coureaiaat
1390 2022 1440 2076 per
1466 2007 1589 2063 carradera
1608 2007 1804 2077 judicataque

1010 2100 1168 2154 nontiaatnr
1185 2110 1329 2168 suspectus
1348 2101 1450 2155 debent
1464 2101 1536 2170 cogi,
1551 2116 1646 2155 carata
1671 2115 1730 2168 quo
1746 2100 1806 2155 lieet

1009 2193 1107 2263 utribus
1121 2193 1143 2247 si
1157 2206 1238 2247 causa
1257 2190 1421 2260 suspicionis
1441 2191 1513 2246 intra
1531 2202 1739 2260 cotapeteuteaa
1756 2205 1805 2249 ter·

1011 2286 1112 2339 ttrinarn
1129 2287 1240 2356 probata
1253 2301 1306 2340 noa
1319 2285 1411 2351 suern,
1430 2295 1495 2338 tuuc
1516 2286 1626 2340 deonna
1643 2290 1806 2341 arrrtoritste

1011 2384 1175 2438 sua-utetur,
1188 2377 1259 2443 qaod
1272 2377 1294 2429 sl
1310 2390 1404 2431 corant
1419 2377 1495 2447 ipsis,
1515 2376 1540 2429 ia
1565 2391 1620 2444 ιμιο
1644 2379 1805 2432 conrenitur

1010 2466 1121 2520 erideas
1133 2467 1213 2520 luerit
1231 2467 1395 2536 suspicionis
1416 2481 1498 2522 eausa
1514 2468 1649 2536 probata,
1663 2465 1749 2533 juder
1766 2483 1804 2521 re·

1011 2568 1121 2612 casatas
1136 2574 1151 2612 a
1169 2574 1257 2614 causae
1280 2560 1437 2630 cognitione
1453 2561 1633 2628 supersedere
1657 2562 1803 2614 tenebitur.

1014 2649 1072 2718 ipsa
1087 2664 1205 2719 aantqae
1221 2652 1291 2707 ratio
1304 2653 1435 2716 elietat,et
1448 2653 1553 2715 plurinri
1567 2654 1703 2722 probatur
1717 2670 1805 2710 exera·

1011 2738 1073 2806 pta,
1089 2741 1160 2807 tptrud
1179 2746 1310 2810 suspecti,
1324 2754 1351 2796 ct
1371 2744 1473 2799 laiatici
1486 2744 1591 2811 indices
1607 2759 1738 2800 essenon
1761 2746 1804 2799 dc·

1013 2834 1176 2899 beant,eaat
1191 2835 1264 2890 sicut
1277 2835 1418 2892 decretale
1432 2837 1555 2905 probibet
1567 2840 1726 2894 irrstitataar
1741 2841 1804 2894 nibil

1012 2924 1117 2994 gratias
1127 2935 1154 2978 et
1169 2928 1313 2982 durabilius
1332 2930 1394 2996 uiris
1409 2930 1475 2982 dare
1489 2929 1578 2982 raleat
1590 2930 1803 2998 larentiniana

1012 3021 1033 3072 si
1056 3033 1088 3073 ea
1110 3020 1143 3074 ad
1169 3020 1351 3088 irnpetenduar
1375 3022 1522 3087 contendat,
1550 3038 1631 3093 queat
1659 3024 1761 3079 lxedere
1779 3034 1804 3079 ct

1012 3111 1191 3167 daatniltcarc
1214 3113 1339 3168 intendit.

172 3222 254 3276 strper
288 3204 502 3260 reconventione
533 3203 722 3274 appellationis
743 3218 772 3258 re
800 3184 995 3272 interponit.C
1047 3201 1280 3272 llllaarpraaterea
1300 3205 1588 3275 qaaestioneara'tiaro
1608 3210 1805 3280 laropropoais

171 3296 344 3367 appellationi
366 3295 402 3351 sit
424 3293 578 3364 lnrjastnodi
603 3294 789 3348 delereadunr.
814 3293 869 3348 Nos
894 3309 961 3348 rero
1012 3302 1102 3347 atrata
1117 3295 1198 3363 jadex
1220 3309 1387 3363 cognoscere
1405 3299 1499 3367 possit.
1517 3297 1804 3366 arrlrustratoriesit,

171 3395 210 3448 ita
234 3393 377 3456 scutimus,
395 3391 466 3460 qaorl
481 3404 543 3443 earn
564 3389 590 3442 ia
608 3392 659 3443 laec
682 3389 794 3451 actoris,
807 3398 835 3442 et
851 3388 888 3441 rei
908 3402 959 3440 uua
1011 3397 1045 3437 aa
1064 3398 1146 3437 cansa
1162 3387 1316 3441 rationabili
1337 3389 1515 3457 appellatura,
1527 3403 1555 3444 et
1567 3392 1588 3445 si
1600 3394 1747 3462 appellans
1766 3410 1804 3449 ra·

171 3487 207 3540 sit
231 3497 324 3544 caasa.
340 3490 366 3535 et
389 3481 484 3535 cadern
507 3481 604 3533 eolenr
625 3477 687 3545 lure
707 3479 781 3533 cirea
809 3478 960 3533 reurediuar
1013 3472 1169 3528 tiottabllent
1199 3478 1390 3546 appellationis
1418 3495 1529 3536 earrsara
1555 3499 1609 3538 aaoa
1634 3491 1804 3556 oprrrosuerit,

171 3573 358 3643 appellationis
373 3570 410 3625 uti
431 3570 512 3624 debet
525 3574 650 3636 uterque.
668 3567 758 3639 (l'nde
773 3581 824 3622 nec
843 3565 961 3637 appella·
1012 3574 1057 3618 aut
1069 3579 1121 3621 raon
1139 3570 1293 3635 probarent
1314 3581 1447 3640 qtraaturn
1464 3578 1575 3644 opproalt
1587 3617 1594 3641 ,
1608 3593 1643 3631 aa
1656 3579 1742 3647 jarlar
1759 3582 1805 3635 bu·

173 3665 240 3719 tioai
258 3663 348 3718 taliter
363 3662 531 3729 interposita>
544 3659 721 3713 deiercndnar
735 3672 795 3713 csse
810 3659 959 3721 credimus,
1008 3657 1054 3726 jas
1070 3659 1258 3728 appellationis
1272 3664 1384 3718 obtentu
1399 3675 1546 3722 terreatura
1563 3685 1654 3724 causae
1670 3673 1804 3743 rogrritio·

171 3755 272 3810 cteaint
287 3755 344 3824 ipso
360 3752 469 3807 Cirristu
485 3758 643 3812 attestante,
659 3750 705 3820 qui
731 3757 771 3804 est
788 3747 906 3812 Veritas,
921 3749 963 3802 di·
1013 3766 1164 3806 accessura
1177 3769 1183 3805 ι
1195 3753 1238 3808 iric
1248 3769 1299 3808 aun
1313 3753 1399 3825 placet
1413 3758 1490 3813 uobis
1501 3760 1574 3813 alitnl
1587 3760 1804 3831 diffinireuaara

172 3846 299 3910 «licinius,
314 3842 385 3911 quod
406 3841 497 3894 otrrtria
518 3851 688 3909 ῳιειιιιιιιιιιιι
713 3838 807 3893 rolant
820 3838 914 3908 aliqui.
932 3849 961 3893 ut

172 3938 212 3988 eis
228 3936 353 3989 lauraiacs
378 3930 490 3993 iaciant,
503 3933 598 3984 caelent
609 3942 637 3986 ct
654 3932 704 4000 ipsi
728 3931 818 3987 laccrc
833 3932 959 3994 debcant,

175 4041 225 4080 aec
244 4024 420 4094 jurisperitus
442 4024 476 4077 ab
493 4024 545 4077 bac
567 4025 702 4077 salutantia
721 4025 873 4092 discrepat;
896 4038 960 4090 uua·

172 4127 284 4187 propter
297 4118 467 4181 antlrcatica,
484 4133 544 4185 artae
570 4118 676 4185 incipit,
695 4127 723 4172 et
744 4118 922 4185 consequitur
935 4116 961 4169 in

172 4224 227 4278 qrro
240 4210 266 4264 id
283 4211 316 4263 tle
332 4208 453 4264 iacienda
468 4211 675 4264 ιιοοιιιοιιιιοιιο
691 4222 819 4277 expresse
834 4208 961 4271 babetur,

172 4312 199 4354 et
215 4301 279 4355 alibi
303 4301 442 4364 statuitur.
463 4310 492 4353 ut
513 4301 607 4354 eodear
623 4300 683 4367 jure
698 4302 760 4369 quis
782 4308 873 4354 utatur
891 4300 961 4368 quud

171 4391 280 4448 duxerit
304 4392 330 4445 la
348 4392 429 4445 aliana
446 4391 657 4459 statuenduar):
677 4390 748 4454 idco,
766 4392 837 4446 sicat
856 4391 962 4445 deside-

1012 3843 1046 3893 ab
1070 3845 1290 3899 antecessoribus
1319 3848 1437 3915 nastris,
1463 3861 1489 3903 et
1508 3851 1675 3920 jurisperitis
1704 3860 1804 3911 atrias·

1012 3947 1064 4002 igue
1089 3933 1170 3988 irrerit
1188 3929 1349 4003 tlilllriitrrrrr,
1365 3948 1474 3992 cantuar
1499 3942 1598 3996 etetrinr
1615 3953 1658 3998 est
1682 3946 1711 4000 ia
1738 3947 1803 4017 lege,

1013 4029 1084 4094 quod
1099 4029 1279 4097 appellatione
1296 4032 1466 4100 interposita,
1483 4035 1541 4089 sire
1559 4050 1669 4108 recepta
1685 4043 1734 4106 sit,
1752 4043 1805 4097 sire

1014 4133 1078 4183 aon,
1097 4129 1218 4189 tenrpare
1244 4121 1332 4175 aredio
1353 4124 1420 4177 nibil
1451 4126 1586 4182 iannatari
1610 4144 1731 4199 oportet.
1758 4140 1804 4191 t'a·

1014 4211 1109 4263 rtnnica
1137 4212 1311 4266 nilriloraintrs
1337 4215 1476 4270 continent
1502 4218 1623 4273 instituta
1648 4235 1676 4276 at
1699 4229 1745 4294 apri
1763 4244 1804 4282 ro·

1013 4301 1082 4363 lant,
1097 4302 1136 4353 rel
1155 4303 1255 4369 quibus
1268 4317 1382 4359 ttecessc
1394 4304 1476 4360 irrotat
1494 4309 1527 4361 ad
1541 4307 1693 4367 iiurrranata
1715 4317 1804 4375 Ercle·

1013 4392 1092 4454 siant,
1105 4393 1181 4460 quast
1195 4395 1227 4445 ad
1241 4405 1322 4463 capnt
1336 4413 1413 4449 suaaa
1426 4400 1568 4467 srrtliagari
1581 4405 1738 4471 passaran
1749 4412 1804 4464 siae

172 4490 236 4536 rant
257 4490 287 4535 at
304 4482 355 4536 sibi
367 4481 443 4551 juata
464 4484 645 4549 respondeant
668 4484 837 4538 nratnlatoris
855 4485 960 4552 justitia
977 4509 999 4562 D
1016 4481 1211 4553 irarpcrlinrcatn
1223 4485 1343 4552 quolibet
1357 4488 1553 4555 appellatione,
1568 4492 1601 4545 ad
1617 4508 1702 4562 qtratn
1728 4498 1804 4552 ariani·

172 4574 231 4637 ssat.
244 4573 426 4642 appellatione
449 4582 572 4638 rearata;
590 4574 626 4627 ita
647 4574 738 4639 debet,
755 4585 794 4628 et·
806 4576 900 4630 eaderu
918 4590 962 4628 ra·

174 4663 248 4716 tione
266 4677 296 4717 sc
310 4662 512 4716 reconvenienti
530 4663 556 4715 ia
571 4675 620 4715 saa
635 4661 741 4731 justitia
761 4665 935 4732 respondere.

209 4756 336 4808 Secundo
354 4754 471 4823 requiris
492 4769 554 4808 cara
579 4755 700 4822 pluribus
716 4757 841 4810 articulis
862 4757 888 4811 ia
908 4770 961 4810 una

173 4847 364 4902 cnrararissiuac
386 4845 483 4916 positis
503 4849 529 4901 iu
556 4862 610 4901 uno
632 4858 736 4903 tanturn
750 4851 892 4922 cortilagia
914 4865 962 4919 ap·

173 4936 319 5005 pellatiouc
336 4948 451 5001 retnota,
464 4951 593 5006 expresse
606 4941 703 5006 uetari,
716 4953 804 4994 utruaa
819 4942 962 5010 appellatio

174 5041 264 5085 teaeat
280 5030 303 5085 si
322 5045 403 5099 super
423 5031 484 5084 aliis
501 5031 580 5085 luerit
604 5031 780 5101 appellatura.
796 5030 823 5086 la
847 5034 898 5086 lroc
919 5041 961 5084 ta-

174 5123 236 5175 liter
260 5112 466 5192 rcspoadernas‚
483 5124 555 5191 quud
583 5138 644 5177 cuar
674 5124 825 5177 secuudutn
853 5125 961 5177 beatara

174 5213 333 5284 Gregoriuar
349 5215 433 5269 rerba
452 5215 595 5269 intentioni
607 5214 810 5277 descrt'iuanet
822 5215 857 5267 sit
870 5224 960 5268 nostra

175 5307 335 5372 iatetrtiu,ut
346 5307 378 5361 de
389 5307 515 5360 ornailurs
530 5307 662 5370 articulis,
671 5306 715 5375 qui
731 5305 758 5381 in
771 5308 960 5361 connaissioae

174 5408 266 5452 nostra
294 5409 429 5467 ponuntur
449 5398 553 5466 justitia
577 5414 630 5452 nnn
656 5399 798 5468 opposita,
817 5399 959 5469 appellatio

174 5504 252 5542 strant
267 5490 395 5543 sortiatur
409 5488 545 5553 ciiectuar,
563 5490 588 5542 ia
598 5492 723 5544 ontaibas
737 5490 897 5560 intelligitur
913 5508 957 5560 ap·

176 5580 285 5649 pellatia
302 5579 455 5631 interdicta.
469 5579 540 5633 nibil
554 5581 626 5634 caint
641 5581 755 5634 interest
767 5592 858 5635 rrtrurn
876 5584 957 5649 priate

176 5683 209 5722 aa
223 5669 319 5731 taedio,
334 5667 397 5723 licet
413 5670 495 5723 etiaar
518 5673 544 5724 ia
569 5673 621 5724 dae
638 5673 793 5729 inhibeatur
806 5673 955 5744 appellatio

177 5774 237 5815 turn
267 5759 336 5814 sicut
357 5773 405 5814 nos
426 5761 524 5814 ducunt
547 5761 686 5831 utriusque
708 5762 779 5830 juris
802 5774 959 5837 argument

1015 4587 1073 4625 rura
1090 4573 1147 4627 siae
1163 4572 1213 4626 nlla
1226 4576 1359 4644 easturlia,
1378 4578 1418 4630 rel
1436 4577 1489 4632 alla
1505 4584 1802 4649 ercoanrnraicatione.

1015 4662 1055 4715 rel
1068 4665 1251 4728 dannatione,
1264 4679 1312 4720 sen
1337 4667 1500 4735 spoliatione
1519 4669 1560 4723 irc
1575 4668 1661 4725 libere
1674 4677 1804 4732 correeda·

1014 4764 1069 4820 tar,
1089 4757 1134 4826 qai
1151 4758 1243 4826 atique
1255 4773 1396 4813 sacrarum
1409 4774 1543 4815 eatnuauar
1570 4766 1731 4825 sanctiones
1747 4786 1804 4840 pas·

1014 4847 1064 4899 sirn
1085 4847 1220 4915 appellare
1238 4848 1404 4917 permittitur
1421 4861 1428 4899 ι
1444 4849 1504 4904 idco
1519 4848 1602 4917 juder
1617 4870 1682 4913 cuna
1695 4875 1803 4916 cansam

1014 4948 1076 4990 :trite
1089 4951 1119 4990 sc
1131 4940 1298 5003 tractarerit,
1314 4954 1395 5009 quant
1413 4941 1453 4995 sic
1462 4958 1511 5011 per
1524 4945 1737 5015 appellationem
1750 4970 1805 5011 sas·

1014 5044 1124 5099 pensata
1142 5044 1203 5086 esse
1215 5041 1394 5102 perspexerit,
1411 5057 1426 5096 a
1442 5042 1597 5112 cognitione
1618 5057 1713 5100 causae
1727 5060 1804 5118 quauta

1014 5125 1094 5177 citius
1111 5124 1282 5196 abstinebit.)

1049 5217 1150 5284 Quinto
1179 5219 1259 5289 igitur
1287 5221 1347 5278 loco
1373 5226 1511 5295 supplicas
1536 5228 1682 5283 ialorntari
1717 5241 1802 5285 atran

1014 5326 1074 5364 cara
1094 5312 1188 5378 tribus,
1204 5313 1245 5368 rei
1260 5316 1383 5382 pluribus
1410 5333 1492 5374 carisa
1510 5321 1706 5390 connaittitur,
1722 5326 1758 5379 ita
1778 5338 1802 5378 at

1013 5402 1035 5456 si
1063 5417 1156 5458 ornnes
1181 5405 1313 5461 iuteresse
1340 5411 1523 5478 rrcrpuircrial.
1546 5413 1600 5464 dnn
1623 5414 1802 5471 nilrilurnirras

1014 5505 1199 5562 exsequuntur
1209 5512 1216 5560 ;
1227 5498 1250 5552 si
1265 5501 1393 5556 atluobas
1411 5517 1472 5556 reus
1484 5512 1587 5557 tanturn
1605 5505 1691 5561 luerit
1706 5523 1801 5562 carna·

1013 5595 1101 5649 catus,
1120 5589 1210 5642 renire
1226 5593 1380 5645 necessario
1395 5602 1529 5655 tencatur,
1552 5607 1577 5649 ct
1591 5597 1613 5649 si
1629 5598 1733 5651 eita2us
1750 5599 1802 5651 lac·

1013 5676 1049 5731 rit
1064 5677 1091 5746 la
1108 5677 1213 5733 duobus
1231 5689 1356 5750 tantuna),
1373 5698 1421 5738 seu
1444 5683 1567 5752 pluribus
1588 5700 1684 5740 corana
1700 5689 1802 5743 duobas

1014 5767 1180 5836 apparuerit,
1196 5770 1275 5825 tertio
1296 5780 1386 5828 autera
1403 5772 1524 5829 alteriori
1540 5789 1591 5831 aec
1607 5779 1712 5845 uenire,
1730 5795 1763 5837 ae
1778 5793 1803 5833 se
