3960 6314
174 319 227 378 895

176 451 239 491 ιιιιιιι
254 433 354 506 AEgidii
366 433 460 492 Sancti
476 434 577 491 Nicolei
590 436 618 490 in
632 433 749 491 earcere
761 432 887 490 'lolliano
902 435 962 489 din·
977 440 1001 496 A

175 527 236 582 coni
250 525 409 590 cardinalis.
426 525 510 583 Nonis
523 526 648 596 Augusti,
664 526 810 583 indictione
822 541 861 590 rs,
874 524 966 581 lucar·

176 618 294 674 nationis
308 618 453 674 nonninicn
475 616 554 681 lidi.
580 618 755 690 pontificatus
785 618 966 674 verodomni

175 710 316 767 tmlestinl
338 725 413 778 papus
437 708 481 775 ΙΙΙ,
499 711 683 780 annoprimo.

214 803 270 871 Ego
285 801 463 866 coelestinus.
477 803 623 858 catholice
634 800 763 858 Ecclesiae
775 799 930 872 episcopm.

213 893 268 962 Ego
280 893 407 955 Albinus,
418 894 582 951 tillianensis
596 896 752 965 episcopus.

210 984 455 1057 Egodctarianus,
479 985 614 1045 Ostiensis
639 998 668 1044 et
690 985 884 1046 velleterensis
908 988 967 1056 epi·

174 1093 286 1148 scopus.

209 1170 267 1239 ego
278 1170 408 1238 Jounries.
421 1170 607 1228 Praenestinus
620 1169 767 1243 episcopus

210 1262 268 1331 Ego
283 1263 413 1330 ioannes,
431 1264 501 1320 tituli
529 1263 624 1322 Sancti
637 1264 795 1330 Clementis.
816 1260 967 1320 cardinalis

175 1353 356 1412 Tusculanus.

212 1444 393 1515 iigoinnsunes
403 1444 490 1512 l'clir.
508 1446 580 1503 tituli
594 1443 840 1503 sanctssnnnnae
854 1443 968 1516 presby·

175 1536 391 1593 mmmmm

213 1627 271 1695 ego
285 1627 385 1696 (luido,
405 1629 546 1700 presbyter
570 1625 720 1686 cardinalis
746 1626 857 1686 Sancto
874 1627 967 1685 llariae

173 1728 250 1777 traria
265 1722 395 1789 libe-im,
415 1721 484 1776 tituli
498 1721 605 1776 culisti.

210 1809 267 1881 Ego
280 1810 368 1881 tingo.
387 1811 529 1883 presbyter
542 1811 688 1867 cardinalis
704 1809 796 1866 Sancti
810 1809 929 1866 llartini.

213 1900 269 1972 Ego
298 1899 443 1970 Beneuen,
462 1900 556 1958 Sancti
587 1900 700 1956 tidrinni
718 1899 851 1956 diaconus
877 1900 968 1956 cerdi-

176 1993 259 2050 natis.

212 2089 268 2160 Ego
283 2085 441 2162 Gregorius,
453 2084 561 2144 Sanctae
572 2085 664 2142 llnrlae
677 2086 703 2142 iu
716 2084 824 2143 Pontice
837 2087 968 2144 diaconus

175 2179 335 2238 cardinalis.

209 2269 411 2340 tgotosnnes,
441 2268 536 2329 Sancti
561 2269 694 2328 Theodori
719 2270 851 2328 diaconus
876 2271 967 2330 cardi·

174 2381 257 2423 naus.

210 2455 267 2526 Ego
280 2453 419 2523 Nicolaus,
435 2454 544 2513 Sancte
564 2453 656 2514 ilaris
671 2456 697 2512 iu
714 2456 860 2514 cosmedin
873 2457 967 2515 diaco·

174 2564 225 2606 nus
240 2550 399 2607 cardinalis.

522 2643 614 2700 xliii.

175 2731 318 2796 Propositi
343 2741 368 2788 et
397 2733 511 2801 fratrum
537 2737 653 2792 ecclesia
673 2735 702 2794 S.
719 2735 826 2791 Nicoiai
857 2733 968 2792 scenti-

209 2801 289 2857 lensis
313 2803 477 2874 priuilegium
497 2807 658 2872 confirmet.
681 2815 710 2861 ut
731 2814 897 2861 astrumenta
921 2821 966 2859 ec·

210 2871 377 2937 elesiustien.
403 2877 426 2929 si
450 2876 614 2932 dioecesnnna
639 2880 775 2944 episcopua
811 2875 967 2931 recensuerit

214 2943 339 3005 tribuere.
353 2946 499 3016 aqaclibet
514 2947 638 3016 episeopo
650 2947 793 3016 accipient.

231 3032 348 3103 (Romae,
360 3049 404 3106 ap.
419 3034 450 3091 S.
465 3035 595 3102 Petrum,
611 3045 641 3093 ut
653 3037 771 3104 sinetur.
791 3037 862 3105 Aug.
872 3036 912 3104 7.)

176 3142 304 3217 [Rusone.
331 3142 397 3199 cod.
411 3143 523 3212 diplom.
553 3145 772 3217 sennanim..
788 3144 810 3206 Ι.

212 3213 279 3269 little
298 3212 472 3283 Prisilegiurn
500 3214 597 3272 iisdem
613 3232 628 3272 a
644 3217 785 3273 Clemente
803 3215 835 3273 tit
848 3232 963 3275 conces·

208 3298 281 3351 turn,
294 3280 458 3354 Petrologioe
472 3294 538 3342 loni.
560 3285 651 3354 cett,
662 3288 713 3344 sub
728 3303 804 3344 num.
817 3285 876 3360 bu]

520 3397 615 3455 XXlV.

177 3490 203 3548 l.
220 3489 252 3544 lte
265 3490 374 3546 ecclesio
389 3488 419 3547 S.
442 3490 550 3548 Nicelni
563 3494 757 3560 Stendnlsnsis,
772 3496 862 3548 inuitis
873 3495 967 3563 [rotri-

210 3562 270 3625 itte,
287 3563 417 3639 synodum
431 3562 490 3631 deri
502 3580 611 3632 eumpse
622 3564 762 3618 itrterdt'cto
772 3564 840 3690 offici
851 3573 967 3619 tetst-

210 3629 238 3685 2.
260 3630 408 3698 Proposito
424 3641 449 3685 et
471 3632 599 3701 [ratribus
615 3631 644 3689 S.
664 3634 769 3690 Nicolni
797 3635 966 3688 'teudolensis

210 3702 305 3825 asserit
324 3700 488 3772 priuilegium
498 3704 531 3757 ds
543 3706 692 3758 animarum
701 3720 777 3769 carn,
792 3720 808 3757 a
822 3702 904 3758 Lucio
915 3701 966 3759 iti

228 3779 315 3826 atam.

227 3862 344 3939 (Romae,
365 3880 408 3936 ap.
427 3862 458 3921 S.
474 3863 594 3929 Petrum,
610 3874 637 3919 nt
651 3867 769 3918 vitietur.
781 3866 849 3935 Aug.
866 3865 909 3934 i.)

389 3953 468 4029 [tide
477 3955 588 4021 unzin.
599 3957 643 4010 ubi
656 3955 762 4026 surum]

527 4046 611 4102 xxv,

175 4135 304 4196 Ecclesiae
319 4138 351 4198 S.
367 4137 475 4194 Nicolai
489 4137 672 4261 Stertidn'leneis
696 4141 885 4206 protectionem
908 4155 967 4193 sus·

317 4301 435 4372 (Romae,
451 4316 495 4372 ap.
516 4225 684 4367 desinon,
699 4299 771 4370 lug.
784 4298 824 4369 9.)

524 4390 622 4465 [titt]

809 321 1005 379 COElAESTlNl
1025 321 1059 377 lll
1084 321 1185 379 PAPAE
1763 312 1809 372 Μ

1363 431 1455 489 ml.

1017 547 1143 604 Ecclesia
1158 548 1188 603 S.
1202 546 1297 601 llario
1309 555 1333 599 et
1347 545 1379 604 S.
1403 555 1517 602 tornum
1539 544 1708 614 eennpeliatoe
1719 544 1807 600 Sum·

1053 620 1140 673 irensis
1153 618 1340 682 protectionem
1353 618 1476 687 suscipit.
1495 617 1615 687 lonapss
1626 631 1660 670 ac
1674 613 1808 687 pricilsgie

1053 689 1204 759 cotrfirnaut.

1159 804 1272 874 (Roma,
1286 819 1329 872 op.
1340 802 1370 859 S.
1388 803 1511 865 Petrum.
1525 800 1587 860 Oct.
1603 801 1663 869 at.)

1100 894 1210 969 [Lusis.
1225 896 1318 964 Spicil.
1334 895 1439 960 eccles..
1453 893 1486 961 ll,
1499 895 1635 967 Appenni..
1649 891 1726 968 teli

1052 989 1233 1048 Coecesrtsus
1251 989 1405 1058 episcopos.
1421 1002 1518 1043 serem
1538 1002 1685 1044 serromm
1697 987 1755 1052 liei,
1769 986 1806 1040 di·

1017 1081 1095 1140 lectis
1106 1084 1167 1139 liliis
1181 1083 1320 1138 canonicis
1342 1081 1517 1139 sverinensis
1530 1079 1662 1136 Ecclesia
1676 1088 1733 1136 tnui
1746 1095 1807 1147 prm·

1017 1177 1145 1233 sentibus
1159 1191 1241 1246 quum
1262 1175 1364 1232 luroris
1390 1173 1524 1233 cononice
1550 1170 1765 1235 substituendis,
1779 1170 1805 1225 in

1017 1279 1185 1341 perpetuum.

1027 1356 1028 1359 ’
1051 1361 1200 1430 Λιιοιιοιίιί
1222 1358 1421 1415 moderaminis
1435 1357 1589 1415 clementie
1607 1355 1743 1413 convenit
1765 1369 1806 1411 cc·

1017 1453 1184 1510 clesissticos
1197 1453 1273 1508 siros
1285 1451 1398 1520 diligere
1413 1460 1442 1506 et
1463 1464 1560 1506 eorum
1577 1449 1638 1505 loca
1651 1448 1699 1517 pia
1719 1456 1807 1516 prote·

1017 1547 1235 1604 ctionemuuire.
1265 1547 1380 1617 liigutmn
1404 1559 1522 1615 nomque
1539 1553 1567 1599 et
1583 1541 1725 1597 bonestati
1744 1554 1807 1596 ωι·

1019 1640 1128 1696 veniens
1142 1652 1202 1694 esse
1216 1637 1395 1710 dignoscitur,
1420 1646 1450 1691 ot
1463 1636 1509 1706 cptti
1523 1637 1557 1689 ad
1568 1632 1750 1690 ecelesiarum
1769 1644 1808 1686 re-

1018 1732 1107 1801 gimen
1124 1729 1253 1798 assumpti
1277 1744 1382 1794 sumus.
1408 1743 1485 1786 cosa
1503 1741 1653 1798 prasertim
1667 1723 1807 1780 bominum

1020 1820 1142 1890 respuitis
1172 1829 1302 1876 tueamur
1319 1829 1347 1876 et
1373 1817 1534 1889 apostolieae
1553 1816 1628 1872 sentis
1654 1811 1807 1884 palentinis

1020 1911 1170 1968 intestinus.
1181 1913 1341 1984 Eapropter.
1353 1911 1446 1968 dilecti
1460 1911 1486 1965 in
1502 1907 1619 1964 doctrino
1636 1905 1699 1969 lilii.
1714 1903 1809 1959 vestris

1017 1999 1097 2070 justis
1115 2002 1343 2071 postulationibus
1356 2002 1506 2057 clementer
1517 1998 1665 2054 annuimus
1685 2007 1713 2051 et
1728 1994 1809 2051 felicis

1020 2092 1222 2149 recordationis
1235 2091 1384 2149 Clementis
1397 2105 1474 2162 pape
1485 2089 1699 2160 predecessoris
1714 2087 1808 2152 nostri.

1019 2180 1140 2251 vestigiis
1154 2183 1328 2245 inherentes.
1345 2184 1486 2252 praelatam
1509 2178 1706 2235 sverinensem
1723 2176 1809 2234 ilceto

1018 2272 1087 2328 sinin
1100 2273 1127 2328 in
1140 2273 1242 2328 bonore
1263 2272 1349 2328 beate
1366 2273 1413 2329 lici
1427 2271 1569 2343 genitricis
1595 2270 1691 2325 llarite
1701 2282 1730 2325 et
1742 2268 1807 2324 beati

1017 2361 1132 2422 inermis
1152 2363 1328 2435 esnngclism
1344 2362 1510 2426 dedicatam.
1533 2370 1589 2416 eta
1606 2360 1693 2416 nobili
1709 2361 1768 2415 siro
1779 2359 1807 2416 ti.

1018 2456 1088 2512 ‹lirce
1106 2455 1239 2521 dotatam,
1252 2457 1278 2509 in
1293 2468 1347 2522 quo
1364 2455 1457 2509 diuino
1478 2452 1545 2511 estis
1558 2453 1695 2524 obsequio
1709 2452 1808 2507 ariarici·

1019 2547 1085 2618 pati‚
1096 2548 1148 2603 sub
1172 2545 1243 2601 beati
1267 2544 1340 2601 Petri
1358 2552 1386 2602 ct
1400 2555 1493 2600 nostro
1510 2542 1682 2613 protectione
1696 2542 1807 2612 sirmipi·

1019 2654 1092 2700 ustis.
1106 2652 1134 2693 et
1147 2637 1295 2708 presentis
1317 2635 1412 2706 scripti
1426 2634 1570 2706 privilegio
1595 2634 1807 2698 contomnimui.

1018 2739 1169 2786 statuentes
1183 2741 1213 2784 ιιι
1226 2743 1407 2799 qtiaseunque
1427 2727 1624 2799 possessiones.
1642 2740 1808 2797 utracunque

1018 2823 1089 2879 boun
1102 2824 1197 2879 eadem
1225 2820 1346 2878 Ecclesia
1367 2819 1617 2890 impresentiarum
1636 2819 1714 2890 juste
1727 2829 1808 2876 etca-

1019 2913 1118 2968 uouics
1131 2910 1267 2983 possidet,
1281 2918 1329 2964 aut
1342 2909 1370 2965 in
1386 2907 1508 2964 loturum
1521 2911 1704 2965 concessione
1721 2908 1807 2978 ponti·

1020 3003 1111 3068 deteret,
1132 3001 1276 3072 largitione
1291 3015 1385 3072 regunt
1404 3000 1447 3056 rel
1476 3001 1645 3072 principum.
1674 2999 1808 3055 oblatione

833 3163 859 3212 v,
876 3145 920 3202 ΞΒ.
930 3119 1001 3191 -c
1020 3094 1152 3160 lldelium,
1169 3108 1217 3149 seu
1237 3092 1299 3148 eliis
1312 3089 1394 3161 justis
1409 3091 1509 3157 modis,
1522 3099 1672 3160 prestante
1684 3089 1807 3158 Domino,

1019 3187 1120 3258 poterit
1138 3184 1267 3254 adipisci.
1282 3183 1360 3240 tium
1373 3183 1450 3238 nuliis
1465 3184 1619 3253 vestrisque
1642 3184 1809 3239 suecessori-

1016 3280 1078 3342 bus.
1106 3287 1133 3333 et
1155 3277 1259 3331 illibata
1284 3284 1477 3346 permaneant.
1511 3273 1540 3328 ln
1557 3273 1659 3342 ouibus
1674 3275 1807 3346 leaecpro·

1016 3370 1085 3442 prlis
1096 3368 1223 3424 diminute
1235 3367 1413 3438 caprimenda
1428 3364 1571 3421 vocubulis
1586 3382 1594 3420 t

1053 3462 1080 3517 ln
1093 3462 1198 3520 Brezne
1209 3479 1261 3518 su
1272 3477 1391 3524 mnrrsos.
1403 3461 1429 3516 iu
1440 3458 1535 3517 l'losse
1545 3477 1571 3516 rs
1580 3461 1670 3528 villas,
1680 3461 1808 3526 Curivit.

1016 3553 1146 3621 licutino¹
1172 3555 1336 3624 Qvasentiu.
1349 3557 1449 3623 lnsli13
1461 3557 1488 3611 iu
1502 3554 1600 3610 suerin
1610 3554 1702 3609 sillam
1715 3569 1807 3615 enain,

1018 3646 1139 3703 Liscowe
1154 3663 1224 3717 quoe.
1240 3658 1344 3705 nuncto
1372 3648 1491 3714 leonisius,
1516 3646 1577 3702 blla
1600 3645 1666 3700 silla
1678 3658 1807 3706 eocarere

1017 3735 1045 3792 ln
1072 3737 1180 3793 silasne
1197 3739 1310 3808 uannpe.
1325 3739 1352 3795 in
1368 3738 1603 3806 Sadelbandingen
1616 3736 1725 3802 Borists
1742 3735 1808 3789 rrltrn

1016 3828 1135 3891 Albiana.
1148 3830 1279 3886 biricliim
1293 3840 1320 3885 ct
1339 3828 1433 3885 curias
1443 3829 1515 3899 apud
1524 3827 1706 3898 Todendorp;
1717 3824 1809 3882 liantis

1015 3916 1094 3990 juxta
1121 3917 1266 3991 insignum
1284 3918 1380 3974 nasale
1401 3917 1536 3974 teloneum
1569 3917 1596 3972 ln
1623 3914 1713 3984 Pione,
1730 3929 1808 3985 parc·

1017 4013 1105 4067 cliiarn
1118 4013 1145 4069 in
1159 4012 1323 4069 Sessincum
1334 4011 1409 4069 omni
1421 4009 1499 4079 jnre;
1509 4010 1686 4066 medietatem
1698 4010 1810 4066 decium

1018 4104 1045 4159 in
1058 4104 1186 4170 Sclszne,
1196 4105 1307 4161 tertiam
1318 4114 1425 4172 partem
1436 4104 1478 4157 de«
1488 4102 1548 4157 ltttae
1557 4102 1584 4156 ln
1592 4100 1808 4165 llikelcnlruscb,

1018 4194 1128 4249 tertiam
1151 4205 1257 4262 partem
1272 4194 1387 4250 decima
1404 4195 1430 4249 in
1452 4190 1556 4256 ilorre.
1575 4191 1687 4246 tertiam
1705 4201 1809 4260 partem

1017 4285 1131 4340 decimos
1146 4284 1173 4338 iu
1185 4283 1299 4347 zareze.
1314 4283 1423 4339 tertiam
1440 4291 1544 4354 partem
1561 4281 1676 4339 decime
1689 4280 1718 4336 in
1733 4281 1809 4336 li'sr·

1018 4391 1108 4441 nome.
1122 4377 1229 4431 tertiam
1253 4387 1359 4445 partem
1379 4375 1494 4431 decimae
1510 4375 1536 4428 iu
1551 4372 1647 4438 ilaris,
1665 4382 1751 4429 totam
1763 4375 1809 4428 dc·

211 4487 392 4544 ememus
404 4486 568 4557 episcopus,
583 4499 679 4540 seren,
693 4498 837 4541 ,monim
850 4483 909 4548 pet,
925 4483 967 4538 ut.
982 4477 1004 4535 ii
1018 4468 1158 4524 elinantio
1178 4467 1251 4523 sillia
1276 4466 1376 4522 restris
1396 4482 1445 4536 per
1459 4465 1653 4522 sverinensem
1667 4465 1809 4536 episcopa·

176 4580 255 4635 lectis
269 4580 331 4635 titiis
348 4581 494 4649 preposito
506 4577 537 4635 S.
547 4575 651 4632 titcotnt
663 4577 690 4631 io
713 4575 840 4632 Stendalc
853 4575 966 4646 eiusque

175 4672 308 4727 tratribus
330 4682 385 4726 tam
409 4670 588 4740 presentibus
613 4685 695 4741 quam
711 4668 810 4724 luteris
834 4670 965 4725 cartonice

175 4761 381 4827 substituendis,
398 4761 424 4814 in
440 4769 609 4830 perpetuum.

214 4852 353 4909 ...Vestris
369 4853 452 4922 iustis
467 4851 696 4922 postulationibus
710 4848 966 4906 clementersnnui·

178 4941 238 4996 ιἰιιιι
255 4951 282 4995 ct
298 4939 438 5009 pretium
463 4941 605 4997 ecclesiam
632 4939 661 4997 S.
679 4939 905 5009 lenonumque
925 4940 968 4993 di·

178 5034 243 5088 vino
257 5033 324 5087 estis
337 5033 470 5103 obsequio
486 5034 645 5105 mancipati,
660 5034 694 5090 ad
705 5032 849 5102 eseroplar
859 5034 909 5102 pice
924 5045 968 5086 rc·

177 5121 346 5177 cordationis
364 5123 514 5179 Clementis
538 5138 616 5195 pope
640 5124 848 5194 predecessoris
867 5122 966 5186 nostri.

180 5214 261 5281 iuius
276 5224 304 5270 et
328 5217 522 5284 proprietatem
549 5215 621 5272 beati
651 5213 726 5271 Petri
742 5215 793 5270 sub
810 5215 967 5285 spostolicae

178 5306 252 5360 sedis
266 5307 617 5378 protectionesuscipimus,
641 5317 670 5361 et
681 5307 709 5361 in
720 5305 841 5362 loturum
852 5320 967 5362 conces·

179 5396 258 5452 sinere
272 5399 422 5464 pontilicali
451 5402 600 5467 ιιιιιιιὶιιιιιε,
619 5409 772 5457 satuentes
787 5408 816 5455 ut
830 5414 966 5470 quassem-

180 5502 235 5558 que
245 5491 444 5558 possessiones,
459 5502 514 5548 etc.

217 5580 315 5637 nilum
344 5581 534 5658 fimitaetapud
563 5586 695 5644 Sanctum
723 5586 842 5650 Petrum,
865 5600 881 5635 r
908 5583 969 5639 liius

182 5673 307 5743 dnrgitsti.
327 5689 399 5730 anno
415 5675 612 5735 incarnationis
626 5677 774 5734 [lominieae
788 5679 865 5744 itui,
878 5675 969 5748 pinsiti·

168 5762 280 5820 *fientes
292 5765 430 5824 doelestini
451 5782 526 5831 nnuc
546 5765 578 5826 lll
592 5786 663 5828 enno
681 5769 779 5830 orioro.

1019 4571 1086 4618 turn.
1100 4560 1141 4616 nd
1156 4562 1316 4617 decanatum
1333 4558 1455 4629 ejusdcm
1468 4560 1596 4616 Ecclesiae
1607 4574 1626 4614 rr
1641 4574 1751 4615 rrearcas
1764 4560 1809 4613 de·

1017 4655 1157 4711 uariorum
1173 4668 1205 4708 cs
1222 4653 1355 4710 reditibus
1370 4652 1607 4722 episcopationem
1621 4649 1809 4706 iollickclcn·

1017 4755 1103 4826 burg.
1128 4756 1208 4810 oliam
1234 4755 1260 4808 in
1288 4728 1447 4815 llowedet
1469 4768 1488 4807 ιι
1517 4766 1630 4820 magnus
1667 4765 1808 4808 metrsurss

1018 4863 1141 4914 annona.
1168 4863 1228 4917 qirae
1242 4847 1327 4903 nieles
1341 4845 1424 4916 kepel
1437 4837 1634 4914 appellantem
1658 4842 1694 4898 de
1706 4842 1808 4898 suolen-

1018 4941 1082 4996 dino
1095 4941 1121 4997 in
1136 4940 1287 5009 aquillonnri
1300 4951 1376 5009 purte
1391 4935 1565 4993 Sseriucnsis
1575 4933 1698 4989 civitatis
1710 4933 1806 5001 posito.

1018 5032 1188 5087 antrustione
1217 5031 1315 5086 triticei
1339 5027 1455 5090 brsclrii.
1482 5026 1598 5081 alterurn
1622 5022 1760 5094 siliginis;
1775 5022 1807 5076 nd

1019 5121 1298 5190 luminarinejusdem
1322 5119 1447 5174 ecclesiis
1478 5113 1592 5171 norellse
1617 5114 1757 5168 teloneum
1781 5111 1806 5164 in

1018 5214 1112 5280 Pione.
1125 5225 1152 5268 et
1165 5214 1272 5269 tertiam
1296 5221 1402 5282 partem
1416 5212 1450 5265 de
1476 5207 1629 5265 redditibus
1653 5207 1681 5263 iu
1701 5204 1805 5260 linistis.

1019 5307 1156 5362 Proterea
1173 5307 1286 5362 liberam
1300 5305 1460 5360 electionem
1476 5302 1502 5355 in
1529 5298 1658 5369 eligendo
1680 5299 1807 5362 decenos,

1020 5400 1179 5471 prepositos
1194 5408 1221 5453 et
1247 5397 1406 5459 esnoriicos.
1424 5402 1450 5451 et
1465 5393 1579 5448 liberam
1604 5390 1807 5459 dispositionem

1020 5491 1047 5545 in
1063 5489 1222 5560 colligendis
1236 5488 1393 5558 stipendiis.
1420 5485 1491 5540 sicut
1514 5484 1649 5538 hacteuus
1665 5477 1808 5539 habuistis.

1019 5581 1276 5638 nitctoritatevnbis
1303 5577 1454 5649 apostolica
1485 5573 1696 5634 conlirnramus,
1722 5578 1750 5625 et
1776 5565 1808 5621 ad

1020 5675 1205 5745 exsecuisset
1221 5673 1255 5727 ad
1270 5673 1452 5732 tricesimum.
1467 5676 1495 5722 et
1520 5666 1556 5722 ad
1578 5660 1808 5720 anniuersarium.

1023 5767 1056 5821 ιιι
1070 5761 1200 5824 solvenda
1227 5761 1330 5828 debito,
1353 5762 1388 5820 ad
1404 5758 1565 5817 servientes
1591 5748 1807 5814 remunerandus
